54895122,0.21160000,596.00000000,67392199,67392199,1684022406762,True,True
54895123,0.21160000,596.00000000,67392200,67392200,1684022408144,True,True
54895124,0.21160000,120.00000000,67392201,67392201,1684022410414,True,True
54895125,0.21160000,1009.00000000,67392202,67392202,1684022411330,True,True
54895126,0.21160000,120.00000000,67392203,67392203,1684022415760,True,True
54895127,0.21150000,860.00000000,67392204,67392204,1684022420139,True,True
54895128,0.21130000,120.00000000,67392205,67392205,1684022430704,True,True
54895129,0.21120000,129.00000000,67392206,67392207,1684022478874,True,True
54895130,0.21120000,1043.00000000,67392208,67392209,1684022541548,True,True
54895131,0.21120000,53.00000000,67392210,67392210,1684022544158,False,True
54895132,0.21120000,659.00000000,67392211,67392213,1684022564851,False,True
54895133,0.21130000,175.00000000,67392214,67392215,1684022612848,False,True
54895134,0.21130000,88.00000000,67392216,67392216,1684022613371,False,True
54895135,0.21120000,2288.00000000,67392217,67392219,1684022617039,True,True
54895136,0.21120000,190.00000000,67392220,67392220,1684022617169,True,True
54895137,0.21120000,596.00000000,67392221,67392221,1684022617276,True,True
54895138,0.21120000,928.00000000,67392222,67392223,1684022617320,True,True
54895139,0.21110000,328.00000000,67392224,67392225,1684022711403,True,True
54895140,0.21100000,1078.00000000,67392226,67392226,1684022711976,True,True
54895141,0.21110000,474.00000000,67392227,67392228,1684022712571,False,True
54895142,0.21100000,4944.00000000,67392229,67392234,1684022727785,True,True
54895143,0.21100000,9479.00000000,67392235,67392243,1684022727805,True,True
54895144,0.21090000,4759.00000000,67392244,67392246,1684022727805,True,True
54895145,0.21100000,189.00000000,67392247,67392248,1684022727892,False,True
54895146,0.21100000,189.00000000,67392249,67392249,1684022727906,False,True
54895147,0.21090000,262.00000000,67392250,67392250,1684022752151,True,True
54895148,0.21100000,49.00000000,67392251,67392251,1684022764182,False,True
54895149,0.21090000,120.00000000,67392252,67392252,1684022768016,False,True
54895150,0.21080000,433.00000000,67392253,67392253,1684022774526,True,True
54895151,0.21080000,265.00000000,67392254,67392255,1684022775196,True,True
54895152,0.21080000,191.00000000,67392256,67392257,1684022775890,True,True
54895153,0.21070000,2086.00000000,67392258,67392260,1684022775890,True,True
54895154,0.21070000,120.00000000,67392261,67392261,1684022776035,True,True
54895155,0.21060000,166.00000000,67392262,67392262,1684022776035,True,True
54895156,0.21060000,286.00000000,67392263,67392263,1684022776035,True,True
54895157,0.21060000,286.00000000,67392264,67392264,1684022776036,True,True
54895158,0.21070000,949.00000000,67392265,67392265,1684022776041,False,True
54895159,0.21060000,121.00000000,67392266,67392266,1684022777215,False,True
54895160,0.21060000,240.00000000,67392267,67392267,1684022778116,False,True
54895161,0.21070000,1456.00000000,67392268,67392270,1684022781214,False,True
54895162,0.21070000,121.00000000,67392271,67392271,1684022781233,False,True
54895163,0.21080000,739.00000000,67392272,67392272,1684022781462,False,True
54895164,0.21080000,926.00000000,67392273,67392273,1684022781466,False,True
54895165,0.21090000,240.00000000,67392274,67392274,1684022826415,False,True
54895166,0.21100000,121.00000000,67392275,67392275,1684022843446,True,True
54895167,0.21100000,121.00000000,67392276,67392276,1684022904786,False,True
54895168,0.21100000,121.00000000,67392277,67392277,1684022947279,True,True
54895169,0.21100000,431.00000000,67392278,67392278,1684022947309,True,True
54895170,0.21090000,121.00000000,67392279,67392279,1684022948369,True,True
54895171,0.21090000,121.00000000,67392280,67392280,1684022986904,False,True
54895172,0.21080000,121.00000000,67392281,67392281,1684023033389,True,True
54895173,0.21070000,73.00000000,67392282,67392282,1684023041707,False,True
54895174,0.21070000,288.00000000,67392283,67392284,1684023103668,False,True
54895175,0.21090000,1468.00000000,67392285,67392287,1684023105966,False,True
54895176,0.21090000,815.00000000,67392288,67392290,1684023105967,False,True
54895177,0.21090000,750.00000000,67392291,67392291,1684023105968,False,True
54895178,0.21090000,468.00000000,67392292,67392292,1684023105968,False,True
54895179,0.21090000,448.00000000,67392293,67392293,1684023105971,False,True
54895180,0.21100000,2496.00000000,67392294,67392297,1684023106137,False,True
54895181,0.21100000,988.00000000,67392298,67392298,1684023106138,False,True
54895182,0.21100000,196.00000000,67392299,67392299,1684023106277,False,True
54895183,0.21100000,196.00000000,67392300,67392300,1684023106280,False,True
54895184,0.21100000,196.00000000,67392301,67392301,1684023106288,False,True
54895185,0.21100000,196.00000000,67392302,67392302,1684023106292,False,True
54895186,0.21100000,196.00000000,67392303,67392303,1684023106318,False,True
54895187,0.21100000,172.00000000,67392304,67392304,1684023106774,False,True
54895188,0.21100000,424.00000000,67392305,67392305,1684023112529,False,True
54895189,0.21110000,84.00000000,67392306,67392306,1684023112555,False,True
54895190,0.21110000,84.00000000,67392307,67392307,1684023112574,False,True
54895191,0.21110000,84.00000000,67392308,67392308,1684023112574,False,True
54895192,0.21100000,363.00000000,67392309,67392310,1684023112581,True,True
54895193,0.21110000,84.00000000,67392311,67392311,1684023112581,False,True
54895194,0.21110000,84.00000000,67392312,67392312,1684023112598,False,True
54895195,0.21110000,84.00000000,67392313,67392313,1684023112604,False,True
54895196,0.21110000,84.00000000,67392314,67392315,1684023112605,False,True
54895197,0.21120000,84.00000000,67392316,67392316,1684023113220,False,True
54895198,0.21120000,84.00000000,67392317,67392318,1684023113242,False,True
54895199,0.21110000,121.00000000,67392319,67392319,1684023116519,True,True
54895200,0.21110000,340.00000000,67392320,67392321,1684023128672,False,True
54895201,0.21110000,375.00000000,67392322,67392322,1684023128673,False,True
54895202,0.21120000,331.00000000,67392323,67392323,1684023128792,False,True
54895203,0.21120000,103.00000000,67392324,67392324,1684023130013,False,True
54895204,0.21120000,103.00000000,67392325,67392325,1684023130024,False,True
54895205,0.21120000,103.00000000,67392326,67392326,1684023130024,False,True
54895206,0.21120000,103.00000000,67392327,67392327,1684023130041,False,True
54895207,0.21120000,596.00000000,67392328,67392328,1684023130042,False,True
54895208,0.21120000,103.00000000,67392329,67392329,1684023130045,False,True
54895209,0.21140000,249.00000000,67392330,67392331,1684023135240,False,True
54895210,0.21140000,249.00000000,67392332,67392332,1684023135255,False,True
54895211,0.21140000,120.00000000,67392333,67392333,1684023138446,True,True
54895212,0.21130000,121.00000000,67392334,67392334,1684023151634,True,True
54895213,0.21120000,121.00000000,67392335,67392335,1684023182660,True,True
54895214,0.21100000,13450.00000000,67392336,67392351,1684023233586,True,True
54895215,0.21090000,5326.00000000,67392352,67392354,1684023233586,True,True
54895216,0.21080000,12424.00000000,67392355,67392360,1684023233586,True,True
54895217,0.21100000,172.00000000,67392361,67392361,1684023235116,False,True
54895218,0.21100000,196.00000000,67392362,67392362,1684023235120,False,True
54895219,0.21100000,172.00000000,67392363,67392363,1684023235121,False,True
54895220,0.21100000,196.00000000,67392364,67392364,1684023235123,False,True
54895221,0.21100000,196.00000000,67392365,67392366,1684023235128,False,True
54895222,0.21100000,49.00000000,67392367,67392367,1684023235130,False,True
54895223,0.21110000,123.00000000,67392368,67392369,1684023235130,False,True
54895224,0.21110000,172.00000000,67392370,67392370,1684023235155,False,True
54895225,0.21110000,172.00000000,67392371,67392371,1684023235157,False,True
54895226,0.21110000,172.00000000,67392372,67392372,1684023235163,False,True
54895227,0.21100000,1259.00000000,67392373,67392374,1684023323537,True,True
54895228,0.21090000,6462.00000000,67392375,67392382,1684023348985,True,True
54895229,0.21090000,270.00000000,67392383,67392383,1684023349111,True,True
54895230,0.21080000,4578.00000000,67392384,67392388,1684023420964,True,True
54895231,0.21080000,94.00000000,67392389,67392389,1684023453434,False,True
54895232,0.21070000,120.00000000,67392390,67392390,1684023455969,True,True
54895233,0.21070000,1123.00000000,67392391,67392391,1684023526426,False,True
54895234,0.21070000,149.00000000,67392392,67392393,1684023564933,False,True
54895235,0.21060000,160.00000000,67392394,67392394,1684023570547,True,True
54895236,0.21060000,1123.00000000,67392395,67392395,1684023620542,True,True
54895237,0.21060000,288.00000000,67392396,67392396,1684023635051,False,True
54895238,0.21060000,121.00000000,67392397,67392397,1684023663661,True,True
54895239,0.21050000,94.00000000,67392398,67392398,1684023666271,False,True
54895240,0.21050000,266.00000000,67392399,67392400,1684023667240,False,True
54895241,0.21060000,130.00000000,67392401,67392402,1684023667240,False,True
54895242,0.21040000,188.00000000,67392403,67392403,1684023672732,True,True
54895243,0.21040000,122.00000000,67392404,67392404,1684023800272,True,True
54895244,0.21050000,1578.00000000,67392405,67392405,1684023840537,False,True
54895245,0.21060000,948.00000000,67392406,67392406,1684023841278,False,True
54895246,0.21050000,121.00000000,67392407,67392407,1684023882740,True,True
54895247,0.21070000,328.00000000,67392408,67392408,1684023987513,False,True
54895248,0.21070000,1820.00000000,67392409,67392409,1684023987538,False,True
54895249,0.21070000,706.00000000,67392410,67392410,1684023987542,False,True
54895250,0.21070000,1848.00000000,67392411,67392411,1684023987542,False,True
54895251,0.21070000,42.00000000,67392412,67392412,1684023987543,False,True
54895252,0.21070000,596.00000000,67392413,67392413,1684023987555,True,True
54895253,0.21080000,26.00000000,67392414,67392414,1684023990352,False,True
54895254,0.21080000,596.00000000,67392415,67392415,1684024003260,True,True
54895255,0.21090000,53.00000000,67392416,67392416,1684024027371,False,True
54895256,0.21090000,677.00000000,67392417,67392418,1684024135730,False,True
54895257,0.21090000,708.00000000,67392419,67392419,1684024135736,False,True
54895258,0.21090000,554.00000000,67392420,67392420,1684024135738,False,True
54895259,0.21090000,525.00000000,67392421,67392421,1684024135740,False,True
54895260,0.21090000,389.00000000,67392422,67392422,1684024135740,False,True
54895261,0.21090000,121.00000000,67392423,67392423,1684024135753,True,True
54895262,0.21100000,435.00000000,67392424,67392424,1684024135790,False,True
54895263,0.21100000,435.00000000,67392425,67392426,1684024135803,False,True
54895264,0.21100000,435.00000000,67392427,67392427,1684024135808,False,True
54895265,0.21100000,435.00000000,67392428,67392429,1684024135810,False,True
54895266,0.21090000,860.00000000,67392430,67392430,1684024160997,True,True
54895267,0.21090000,691.00000000,67392431,67392432,1684024329344,False,True
54895268,0.21090000,659.00000000,67392433,67392433,1684024329350,False,True
54895269,0.21100000,121.00000000,67392434,67392434,1684024335286,True,True
54895270,0.21100000,836.00000000,67392435,67392436,1684024338447,True,True
54895271,0.21100000,361.00000000,67392437,67392438,1684024375273,True,True
54895272,0.21110000,1824.00000000,67392439,67392441,1684024424082,True,True
54895273,0.21110000,317.00000000,67392442,67392442,1684024464231,False,True
54895274,0.21110000,293.00000000,67392443,67392443,1684024464234,False,True
54895275,0.21110000,733.00000000,67392444,67392444,1684024464238,False,True
54895276,0.21110000,122.00000000,67392445,67392445,1684024464238,False,True
54895277,0.21120000,195.00000000,67392446,67392447,1684024464238,False,True
54895278,0.21120000,293.00000000,67392448,67392448,1684024464239,False,True
54895279,0.21120000,293.00000000,67392449,67392449,1684024464239,False,True
54895280,0.21120000,293.00000000,67392450,67392450,1684024464242,False,True
54895281,0.21120000,293.00000000,67392451,67392451,1684024464267,False,True
54895282,0.21120000,293.00000000,67392452,67392452,1684024464273,False,True
54895283,0.21120000,293.00000000,67392453,67392454,1684024464274,False,True
54895284,0.21110000,119.00000000,67392455,67392455,1684024472991,True,True
54895285,0.21100000,94.00000000,67392456,67392456,1684024495541,True,True
54895286,0.21100000,332.00000000,67392457,67392458,1684024495900,True,True
54895287,0.21100000,3628.00000000,67392459,67392463,1684024495904,True,True
54895288,0.21080000,1191.00000000,67392464,67392465,1684024537250,True,True
54895289,0.21080000,3844.00000000,67392466,67392470,1684024537283,True,True
54895290,0.21080000,596.00000000,67392471,67392472,1684024537301,True,True
54895291,0.21070000,831.00000000,67392473,67392473,1684024539966,True,True
54895292,0.21060000,121.00000000,67392474,67392474,1684024581888,False,True
54895293,0.21060000,1170.00000000,67392475,67392476,1684024690208,True,True
54895294,0.21040000,94.00000000,67392477,67392477,1684024796035,True,True
54895295,0.21040000,94.00000000,67392478,67392478,1684024796446,True,True
54895296,0.21040000,94.00000000,67392479,67392479,1684024797076,True,True
54895297,0.21040000,361.00000000,67392480,67392481,1684024816640,False,True
54895298,0.21050000,226.00000000,67392482,67392483,1684024816640,False,True
54895299,0.21020000,94.00000000,67392484,67392484,1684024821963,True,True
54895300,0.21010000,15755.00000000,67392485,67392497,1684024903607,True,True
54895301,0.21000000,328.00000000,67392498,67392500,1684024904791,True,True
54895302,0.21000000,596.00000000,67392501,67392501,1684024905452,True,True
54895303,0.21000000,532.00000000,67392502,67392502,1684024905476,True,True
54895304,0.21000000,300.00000000,67392503,67392503,1684024905485,True,True
54895305,0.20990000,649.00000000,67392504,67392504,1684024910543,True,True
54895306,0.20990000,121.00000000,67392505,67392506,1684024911143,True,True
54895307,0.20980000,176.00000000,67392507,67392508,1684024911143,True,True
54895308,0.20970000,326.00000000,67392509,67392509,1684024911143,True,True
54895309,0.20970000,469.00000000,67392510,67392510,1684024911145,True,True
54895310,0.20970000,469.00000000,67392511,67392512,1684024911145,True,True
54895311,0.20970000,64.00000000,67392513,67392513,1684024911151,True,True
54895312,0.20970000,3057.00000000,67392514,67392516,1684024911156,True,True
54895313,0.20970000,3057.00000000,67392517,67392518,1684024911156,True,True
54895314,0.20980000,121.00000000,67392519,67392519,1684024911160,False,True
54895315,0.20980000,75.00000000,67392520,67392520,1684024912361,False,True
54895316,0.20980000,48.00000000,67392521,67392521,1684024913094,False,True
54895317,0.20970000,524.00000000,67392522,67392522,1684024915611,True,True
54895318,0.20980000,1483.00000000,67392523,67392524,1684024916878,False,True
54895319,0.20970000,287.00000000,67392525,67392525,1684024918787,True,True
54895320,0.20970000,76.00000000,67392526,67392526,1684024918799,True,True
54895321,0.20970000,287.00000000,67392527,67392527,1684024919374,True,True
54895322,0.20960000,437.00000000,67392528,67392530,1684024921247,True,True
54895323,0.20960000,738.00000000,67392531,67392531,1684024921251,True,True
54895324,0.20960000,474.00000000,67392532,67392532,1684024921252,True,True
54895325,0.20950000,64.00000000,67392533,67392533,1684024921884,True,True
54895326,0.20950000,1129.00000000,67392534,67392534,1684024922737,True,True
54895327,0.20950000,981.00000000,67392535,67392536,1684024922784,False,True
54895328,0.20960000,1471.00000000,67392537,67392540,1684024922784,False,True
54895329,0.20940000,100.00000000,67392541,67392541,1684024923432,True,True
54895330,0.20950000,71.00000000,67392542,67392542,1684024923523,False,True
54895331,0.20950000,68.00000000,67392543,67392544,1684024923532,False,True
54895332,0.20950000,51.00000000,67392545,67392545,1684024923544,False,True
54895333,0.20950000,51.00000000,67392546,67392546,1684024923546,False,True
54895334,0.20940000,1756.00000000,67392547,67392548,1684024923614,True,True
54895335,0.20940000,57.00000000,67392549,67392549,1684024923636,False,True
54895336,0.20940000,51.00000000,67392550,67392550,1684024923641,False,True
54895337,0.20930000,1279.00000000,67392551,67392552,1684024924222,True,True
54895338,0.20930000,121.00000000,67392553,67392553,1684024924955,True,True
54895339,0.20930000,118.00000000,67392554,67392554,1684024924998,False,True
54895340,0.20920000,464.00000000,67392555,67392555,1684024927263,True,True
54895341,0.20920000,123.00000000,67392556,67392556,1684024928933,True,True
54895342,0.20920000,378.00000000,67392557,67392557,1684024929488,True,True
54895343,0.20910000,1436.00000000,67392558,67392559,1684024930087,True,True
54895344,0.20910000,1523.00000000,67392560,67392562,1684024930179,True,True
54895345,0.20910000,690.00000000,67392563,67392563,1684024932174,True,True
54895346,0.20910000,71.00000000,67392564,67392564,1684024932371,False,True
54895347,0.20900000,1040.00000000,67392565,67392566,1684024932727,True,True
54895348,0.20910000,1504.00000000,67392567,67392569,1684024932789,False,True
54895349,0.20910000,3014.00000000,67392570,67392572,1684024932790,False,True
54895350,0.20910000,369.00000000,67392573,67392573,1684024932794,False,True
54895351,0.20910000,369.00000000,67392574,67392574,1684024932795,False,True
54895352,0.20910000,109.00000000,67392575,67392575,1684024933071,False,True
54895353,0.20920000,1611.00000000,67392576,67392578,1684024933071,False,True
54895354,0.20920000,400.00000000,67392579,67392579,1684024933080,False,True
54895355,0.20920000,427.00000000,67392580,67392581,1684024933081,False,True
54895356,0.20920000,789.00000000,67392582,67392582,1684024933086,False,True
54895357,0.20920000,271.00000000,67392583,67392584,1684024933087,False,True
54895358,0.20920000,321.00000000,67392585,67392585,1684024933091,False,True
54895359,0.20920000,295.00000000,67392586,67392586,1684024933094,False,True
54895360,0.20920000,366.00000000,67392587,67392588,1684024933094,False,True
54895361,0.20920000,2025.00000000,67392589,67392591,1684024933118,False,True
54895362,0.20920000,579.00000000,67392592,67392593,1684024933137,False,True
54895363,0.20910000,122.00000000,67392594,67392594,1684024933567,True,True
54895364,0.20910000,122.00000000,67392595,67392595,1684024933667,True,True
54895365,0.20910000,121.00000000,67392596,67392596,1684024933830,True,True
54895366,0.20920000,2326.00000000,67392597,67392599,1684024934743,False,True
54895367,0.20930000,834.00000000,67392600,67392601,1684024934743,False,True
54895368,0.20940000,198.00000000,67392602,67392604,1684024934743,False,True
54895369,0.20910000,122.00000000,67392605,67392605,1684024934768,True,True
54895370,0.20910000,872.00000000,67392606,67392606,1684024935569,True,True
54895371,0.20900000,6163.00000000,67392607,67392607,1684024935656,True,True
54895372,0.20900000,860.00000000,67392608,67392608,1684024936059,False,True
54895373,0.20900000,860.00000000,67392609,67392609,1684024936083,False,True
54895374,0.20910000,622.00000000,67392610,67392611,1684024937090,False,True
54895375,0.20920000,121.00000000,67392612,67392612,1684024937158,True,True
54895376,0.20910000,57.00000000,67392613,67392613,1684024937158,True,True
54895377,0.20930000,1260.00000000,67392614,67392616,1684024938712,True,True
54895378,0.20920000,1201.00000000,67392617,67392618,1684024938748,True,True
54895379,0.20910000,2019.00000000,67392619,67392622,1684024938748,True,True
54895380,0.20910000,740.00000000,67392623,67392624,1684024941613,False,True
54895381,0.20920000,342.00000000,67392625,67392625,1684024941618,False,True
54895382,0.20920000,518.00000000,67392626,67392626,1684024941619,False,True
54895383,0.20920000,121.00000000,67392627,67392627,1684024941904,False,True
54895384,0.20930000,107.00000000,67392628,67392628,1684024941904,False,True
54895385,0.20940000,164.00000000,67392629,67392629,1684024941904,False,True
54895386,0.20940000,57.00000000,67392630,67392630,1684024944420,False,True
54895387,0.20930000,71.00000000,67392631,67392631,1684024944765,False,True
54895388,0.20930000,71.00000000,67392632,67392633,1684024947309,False,True
54895389,0.20930000,66.00000000,67392634,67392634,1684024947309,False,True
54895390,0.20930000,71.00000000,67392635,67392636,1684024947312,False,True
54895391,0.20930000,95.00000000,67392637,67392637,1684024947312,False,True
54895392,0.20930000,71.00000000,67392638,67392638,1684024947313,False,True
54895393,0.20930000,71.00000000,67392639,67392640,1684024947316,False,True
54895394,0.20930000,57.00000000,67392641,67392641,1684024947317,False,True
54895395,0.20930000,28.00000000,67392642,67392642,1684024947318,False,True
54895396,0.20940000,43.00000000,67392643,67392643,1684024947318,False,True
54895397,0.20940000,68.00000000,67392644,67392645,1684024947320,False,True
54895398,0.20940000,71.00000000,67392646,67392646,1684024947325,False,True
54895399,0.20940000,167.00000000,67392647,67392647,1684024947337,False,True
54895400,0.20940000,71.00000000,67392648,67392648,1684024947357,False,True
54895401,0.20940000,57.00000000,67392649,67392649,1684024947403,False,True
54895402,0.20940000,57.00000000,67392650,67392650,1684024947455,False,True
54895403,0.20950000,68.00000000,67392651,67392651,1684024947726,False,True
54895404,0.20950000,71.00000000,67392652,67392652,1684024947734,False,True
54895405,0.20950000,51.00000000,67392653,67392653,1684024947741,False,True
54895406,0.20950000,71.00000000,67392654,67392654,1684024947920,False,True
54895407,0.20950000,51.00000000,67392655,67392656,1684024947922,False,True
54895408,0.20940000,982.00000000,67392657,67392658,1684024949364,True,True
54895409,0.20940000,860.00000000,67392659,67392659,1684024949378,True,True
54895410,0.20930000,921.00000000,67392660,67392661,1684024982986,True,True
54895411,0.20930000,473.00000000,67392662,67392662,1684024984091,True,True
54895412,0.20920000,121.00000000,67392663,67392663,1684024984197,True,True
54895413,0.20910000,297.00000000,67392664,67392665,1684024984197,True,True
54895414,0.20910000,469.00000000,67392666,67392666,1684024984198,True,True
54895415,0.20920000,361.00000000,67392667,67392668,1684024984985,False,True
54895416,0.20940000,980.00000000,67392669,67392670,1684024994120,False,True
54895417,0.20950000,142.00000000,67392671,67392671,1684025001340,False,True
54895418,0.20950000,1560.00000000,67392672,67392673,1684025022220,False,True
54895419,0.20950000,502.00000000,67392674,67392675,1684025022224,False,True
54895420,0.20950000,557.00000000,67392676,67392677,1684025022226,False,True
54895421,0.20950000,382.00000000,67392678,67392678,1684025022229,False,True
54895422,0.20960000,596.00000000,67392679,67392680,1684025044379,False,True
54895423,0.20960000,332.00000000,67392681,67392682,1684025044406,False,True
54895424,0.20960000,328.00000000,67392683,67392683,1684025044407,False,True
54895425,0.20960000,396.00000000,67392684,67392685,1684025044410,False,True
54895426,0.20970000,143.00000000,67392686,67392686,1684025052109,False,True
54895427,0.20970000,487.00000000,67392687,67392689,1684025055722,False,True
54895428,0.20990000,50.00000000,67392690,67392690,1684025058535,False,True
54895429,0.20990000,50.00000000,67392691,67392691,1684025058536,False,True
54895430,0.20990000,50.00000000,67392692,67392693,1684025058549,False,True
54895431,0.20990000,57.00000000,67392694,67392694,1684025058552,False,True
54895432,0.20990000,50.00000000,67392695,67392695,1684025058553,False,True
54895433,0.20990000,57.00000000,67392696,67392696,1684025058553,False,True
54895434,0.20990000,50.00000000,67392697,67392697,1684025058554,False,True
54895435,0.20990000,50.00000000,67392698,67392698,1684025058556,False,True
54895436,0.20990000,52.00000000,67392699,67392699,1684025058570,False,True
54895437,0.20990000,50.00000000,67392700,67392700,1684025058571,False,True
54895438,0.20990000,50.00000000,67392701,67392701,1684025058574,False,True
54895439,0.20990000,71.00000000,67392702,67392702,1684025058634,False,True
54895440,0.20990000,57.00000000,67392703,67392703,1684025058665,False,True
54895441,0.20990000,57.00000000,67392704,67392704,1684025058677,False,True
54895442,0.20990000,50.00000000,67392705,67392705,1684025058796,False,True
54895443,0.20990000,57.00000000,67392706,67392706,1684025058805,False,True
54895444,0.20970000,121.00000000,67392707,67392707,1684025094723,True,True
54895445,0.20960000,981.00000000,67392708,67392709,1684025119725,True,True
54895446,0.20950000,121.00000000,67392710,67392710,1684025135824,True,True
54895447,0.20940000,421.00000000,67392711,67392712,1684025137348,True,True
54895448,0.20940000,177.00000000,67392713,67392713,1684025137468,True,True
54895449,0.20930000,3000.00000000,67392714,67392717,1684025147431,True,True
54895450,0.20920000,422.00000000,67392718,67392719,1684025152503,False,True
54895451,0.20920000,404.00000000,67392720,67392722,1684025156319,False,True
54895452,0.20920000,321.00000000,67392723,67392724,1684025157212,True,True
54895453,0.20920000,52.00000000,67392725,67392725,1684025157923,False,True
54895454,0.20920000,109.00000000,67392726,67392726,1684025164941,False,True
54895455,0.20920000,13.00000000,67392727,67392727,1684025164946,False,True
54895456,0.20930000,861.00000000,67392728,67392730,1684025170931,False,True
54895457,0.20930000,120.00000000,67392731,67392731,1684025175935,True,True
54895458,0.20920000,121.00000000,67392732,67392732,1684025180588,False,True
54895459,0.20930000,240.00000000,67392733,67392733,1684025237440,False,True
54895460,0.20940000,361.00000000,67392734,67392735,1684025287143,False,True
54895461,0.20950000,120.00000000,67392736,67392736,1684025294627,False,True
54895462,0.20960000,1214.00000000,67392737,67392738,1684025294641,False,True
54895463,0.20960000,1096.00000000,67392739,67392740,1684025294884,False,True
54895464,0.20960000,121.00000000,67392741,67392741,1684025296684,True,True
54895465,0.20950000,121.00000000,67392742,67392742,1684025299665,True,True
54895466,0.20950000,54.00000000,67392743,67392743,1684025361546,False,True
54895467,0.20940000,171.00000000,67392744,67392745,1684025421500,True,True
54895468,0.20940000,151.00000000,67392746,67392747,1684025443108,True,True
54895469,0.20930000,2359.00000000,67392748,67392749,1684025502957,True,True
54895470,0.20940000,1221.00000000,67392750,67392752,1684025529258,False,True
54895471,0.20950000,121.00000000,67392753,67392753,1684025593708,False,True
54895472,0.20950000,121.00000000,67392754,67392754,1684025593791,False,True
54895473,0.20950000,498.00000000,67392755,67392756,1684025593793,False,True
54895474,0.20960000,66.00000000,67392757,67392757,1684025594495,False,True
54895475,0.20960000,229.00000000,67392758,67392759,1684025604562,True,True
54895476,0.20960000,361.00000000,67392760,67392761,1684025609014,False,True
54895477,0.20960000,477.00000000,67392762,67392762,1684025616808,True,True
54895478,0.20950000,1221.00000000,67392763,67392764,1684025646093,True,True
54895479,0.20950000,487.00000000,67392765,67392765,1684025646126,True,True
54895480,0.20950000,500.00000000,67392766,67392766,1684025699986,False,True
54895481,0.20960000,1500.00000000,67392767,67392769,1684025700062,False,True
54895482,0.20960000,714.00000000,67392770,67392770,1684025700066,False,True
54895483,0.20960000,948.00000000,67392771,67392773,1684025700218,False,True
54895484,0.20960000,120.00000000,67392774,67392774,1684025713678,False,True
54895485,0.20970000,740.00000000,67392775,67392776,1684025714165,False,True
54895486,0.20980000,208.00000000,67392777,67392777,1684025714165,False,True
54895487,0.20970000,121.00000000,67392778,67392778,1684025736182,True,True
54895488,0.20970000,2331.00000000,67392779,67392779,1684025736285,True,True
54895489,0.20970000,4170.00000000,67392780,67392780,1684025772337,False,True
54895490,0.20980000,573.00000000,67392781,67392781,1684025772353,False,True
54895491,0.20980000,552.00000000,67392782,67392782,1684025772357,False,True
54895492,0.20980000,121.00000000,67392783,67392783,1684025772365,True,True
54895493,0.20980000,235.00000000,67392784,67392785,1684025772480,True,True
54895494,0.20980000,121.00000000,67392786,67392786,1684025778093,False,True
54895495,0.20990000,177.00000000,67392787,67392788,1684025779157,False,True
54895496,0.21000000,400.00000000,67392789,67392789,1684025779157,False,True
54895497,0.20990000,4588.00000000,67392790,67392793,1684025800373,True,True
54895498,0.21000000,1360.00000000,67392794,67392795,1684025819217,False,True
54895499,0.21010000,121.00000000,67392796,67392796,1684025819447,True,True
54895500,0.21010000,120.00000000,67392797,67392797,1684025821674,True,True
54895501,0.21010000,57.00000000,67392798,67392798,1684025823692,False,True
54895502,0.21010000,2885.00000000,67392799,67392801,1684026001351,False,True
54895503,0.21020000,121.00000000,67392802,67392802,1684026004556,True,True
54895504,0.21010000,2885.00000000,67392803,67392807,1684026006849,True,True
54895505,0.21010000,3339.00000000,67392808,67392812,1684026006854,True,True
54895506,0.21010000,500.00000000,67392813,67392813,1684026008962,False,True
54895507,0.21020000,981.00000000,67392814,67392815,1684026009284,False,True
54895508,0.21020000,981.00000000,67392816,67392817,1684026009306,False,True
54895509,0.21020000,120.00000000,67392818,67392818,1684026009503,False,True
54895510,0.21030000,134.00000000,67392819,67392819,1684026009503,False,True
54895511,0.21030000,61.00000000,67392820,67392820,1684026016519,True,True
54895512,0.21030000,180.00000000,67392821,67392822,1684026016863,True,True
54895513,0.21010000,2462.00000000,67392823,67392826,1684026023005,True,True
54895514,0.21020000,120.00000000,67392827,67392827,1684026060288,True,True
54895515,0.21010000,120.00000000,67392828,67392828,1684026065117,True,True
54895516,0.20980000,228.00000000,67392829,67392829,1684026297631,True,True
54895517,0.20970000,229.00000000,67392830,67392830,1684026362628,True,True
54895518,0.20970000,373.00000000,67392831,67392831,1684026363078,True,True
54895519,0.20960000,3244.00000000,67392832,67392834,1684026452663,True,True
54895520,0.20950000,121.00000000,67392835,67392835,1684026452882,False,True
54895521,0.20950000,121.00000000,67392836,67392836,1684026452901,False,True
54895522,0.20940000,120.00000000,67392837,67392837,1684026550670,True,True
54895523,0.20940000,121.00000000,67392838,67392838,1684026577567,False,True
54895524,0.20950000,120.00000000,67392839,67392839,1684026637087,True,True
54895525,0.20940000,120.00000000,67392840,67392840,1684026692565,True,True
54895526,0.20930000,953.00000000,67392841,67392841,1684026778978,True,True
54895527,0.20920000,1434.00000000,67392842,67392842,1684026779144,True,True
54895528,0.20910000,831.00000000,67392843,67392843,1684026779657,True,True
54895529,0.20910000,64.00000000,67392844,67392844,1684026780580,False,True
54895530,0.20910000,178.00000000,67392845,67392846,1684026789218,False,True
54895531,0.20930000,955.00000000,67392847,67392849,1684026789365,False,True
54895532,0.20930000,356.00000000,67392850,67392851,1684026833655,True,True
54895533,0.20920000,359.00000000,67392852,67392853,1684026837344,True,True
54895534,0.20900000,596.00000000,67392854,67392854,1684026962857,True,True
54895535,0.20890000,375.00000000,67392855,67392856,1684026971224,True,True
54895536,0.20890000,6472.00000000,67392857,67392864,1684026971224,True,True
54895537,0.20890000,4341.00000000,67392865,67392869,1684026971228,True,True
54895538,0.20880000,121.00000000,67392870,67392871,1684026971509,True,True
54895539,0.20870000,122.00000000,67392872,67392872,1684026975478,False,True
54895540,0.20860000,248.00000000,67392873,67392874,1684026986566,True,True
54895541,0.20850000,87.00000000,67392875,67392875,1684026986566,True,True
54895542,0.20860000,72.00000000,67392876,67392876,1684026988600,False,True
54895543,0.20860000,51.00000000,67392877,67392877,1684026988930,False,True
54895544,0.20860000,57.00000000,67392878,67392878,1684026988932,False,True
54895545,0.20860000,71.00000000,67392879,67392879,1684026988950,False,True
54895546,0.20860000,71.00000000,67392880,67392880,1684026989003,False,True
54895547,0.20870000,100.00000000,67392881,67392881,1684026997215,False,True
54895548,0.20870000,68.00000000,67392882,67392882,1684026998929,False,True
54895549,0.20870000,51.00000000,67392883,67392883,1684026998937,False,True
54895550,0.20870000,71.00000000,67392884,67392884,1684026998955,False,True
54895551,0.20870000,57.00000000,67392885,67392885,1684026998960,False,True
54895552,0.20870000,51.00000000,67392886,67392886,1684026999061,False,True
54895553,0.20870000,71.00000000,67392887,67392887,1684027003946,False,True
54895554,0.20880000,1461.00000000,67392888,67392890,1684027037378,False,True
54895555,0.20890000,1969.00000000,67392891,67392893,1684027045449,False,True
54895556,0.20890000,1493.00000000,67392894,67392894,1684027045449,False,True
54895557,0.20900000,122.00000000,67392895,67392895,1684027045588,False,True
54895558,0.20900000,56.00000000,67392896,67392896,1684027045619,True,True
54895559,0.20900000,122.00000000,67392897,67392898,1684027047411,True,True
54895560,0.20910000,57.00000000,67392899,67392899,1684027049058,False,True
54895561,0.20910000,91.00000000,67392900,67392900,1684027049874,False,True
54895562,0.20900000,271.00000000,67392901,67392903,1684027052788,True,True
54895563,0.20910000,144.00000000,67392904,67392904,1684027127901,False,True
54895564,0.20900000,122.00000000,67392905,67392905,1684027147820,False,True
54895565,0.20910000,1434.00000000,67392906,67392906,1684027174863,False,True
54895566,0.20910000,121.00000000,67392907,67392907,1684027175378,True,True
54895567,0.20910000,122.00000000,67392908,67392908,1684027200348,False,True
54895568,0.20910000,121.00000000,67392909,67392909,1684027205617,True,True
54895569,0.20900000,2005.00000000,67392910,67392910,1684027286963,True,True
54895570,0.20910000,122.00000000,67392911,67392911,1684027358927,False,True
54895571,0.20920000,420.00000000,67392912,67392913,1684027385279,False,True
54895572,0.20920000,753.00000000,67392914,67392915,1684027385282,False,True
54895573,0.20930000,2593.00000000,67392916,67392919,1684027385328,False,True
54895574,0.20930000,573.00000000,67392920,67392920,1684027385341,False,True
54895575,0.20940000,955.00000000,67392921,67392922,1684027385674,False,True
54895576,0.20930000,58.00000000,67392923,67392923,1684027385677,True,True
54895577,0.20950000,51.00000000,67392924,67392924,1684027388999,False,True
54895578,0.20950000,51.00000000,67392925,67392925,1684027388999,False,True
54895579,0.20950000,57.00000000,67392926,67392927,1684027389002,False,True
54895580,0.20950000,57.00000000,67392928,67392928,1684027389008,False,True
54895581,0.20950000,51.00000000,67392929,67392929,1684027389009,False,True
54895582,0.20950000,51.00000000,67392930,67392930,1684027389010,False,True
54895583,0.20950000,51.00000000,67392931,67392931,1684027389010,False,True
54895584,0.20950000,57.00000000,67392932,67392932,1684027389012,False,True
54895585,0.20950000,51.00000000,67392933,67392933,1684027389015,False,True
54895586,0.20950000,57.00000000,67392934,67392934,1684027389018,False,True
54895587,0.20950000,51.00000000,67392935,67392935,1684027389018,False,True
54895588,0.20950000,51.00000000,67392936,67392936,1684027389019,False,True
54895589,0.20950000,51.00000000,67392937,67392937,1684027389020,False,True
54895590,0.20950000,51.00000000,67392938,67392938,1684027389020,False,True
54895591,0.20950000,51.00000000,67392939,67392939,1684027389022,False,True
54895592,0.20950000,57.00000000,67392940,67392940,1684027389030,False,True
54895593,0.20950000,51.00000000,67392941,67392941,1684027389030,False,True
54895594,0.20950000,51.00000000,67392942,67392942,1684027389034,False,True
54895595,0.20950000,57.00000000,67392943,67392943,1684027389034,False,True
54895596,0.20950000,51.00000000,67392944,67392944,1684027389037,False,True
54895597,0.20950000,51.00000000,67392945,67392945,1684027389038,False,True
54895598,0.20950000,51.00000000,67392946,67392946,1684027389040,False,True
54895599,0.20950000,51.00000000,67392947,67392947,1684027389040,False,True
54895600,0.20950000,51.00000000,67392948,67392948,1684027389040,False,True
54895601,0.20950000,51.00000000,67392949,67392949,1684027389148,False,True
54895602,0.20950000,51.00000000,67392950,67392950,1684027389152,False,True
54895603,0.20950000,51.00000000,67392951,67392951,1684027389160,False,True
54895604,0.20950000,70.00000000,67392952,67392952,1684027408159,False,True
54895605,0.20940000,479.00000000,67392953,67392954,1684027409991,True,True
54895606,0.20940000,286.00000000,67392955,67392955,1684027409991,True,True
54895607,0.20940000,87.00000000,67392956,67392956,1684027461705,False,True
54895608,0.20950000,257.00000000,67392957,67392958,1684027506451,False,True
54895609,0.20950000,7867.00000000,67392959,67392970,1684027507370,False,True
54895610,0.20960000,4055.00000000,67392971,67392974,1684027507370,False,True
54895611,0.20960000,6093.00000000,67392975,67392976,1684027507759,False,True
54895612,0.20960000,153.00000000,67392977,67392977,1684027507919,True,True
54895613,0.20960000,5616.00000000,67392978,67392978,1684027507923,True,True
54895614,0.20960000,145.00000000,67392979,67392979,1684027547023,False,True
54895615,0.20960000,145.00000000,67392980,67392981,1684027547027,False,True
54895616,0.20960000,145.00000000,67392982,67392983,1684027547034,False,True
54895617,0.20960000,145.00000000,67392984,67392985,1684027547034,False,True
54895618,0.20960000,145.00000000,67392986,67392987,1684027547040,False,True
54895619,0.20960000,3.00000000,67392988,67392988,1684027547088,False,True
54895620,0.20960000,121.00000000,67392989,67392989,1684027547099,True,True
54895621,0.20960000,233.00000000,67392990,67392990,1684027551439,True,True
54895622,0.20970000,955.00000000,67392991,67392995,1684027586359,False,True
54895623,0.20960000,563.00000000,67392996,67392996,1684027681337,True,True
54895624,0.20970000,234.00000000,67392997,67392998,1684027838080,False,True
54895625,0.20970000,102.00000000,67392999,67392999,1684027838087,False,True
54895626,0.20970000,19.00000000,67393000,67393000,1684027838120,False,True
54895627,0.20980000,332.00000000,67393001,67393001,1684027838230,False,True
54895628,0.20980000,110.00000000,67393002,67393002,1684027838334,True,True
54895629,0.20990000,955.00000000,67393003,67393004,1684027888407,False,True
54895630,0.20990000,2091.00000000,67393005,67393010,1684027948935,False,True
54895631,0.20990000,448.00000000,67393011,67393012,1684027948937,False,True
54895632,0.20990000,94.00000000,67393013,67393013,1684027949948,True,True
54895633,0.20990000,546.00000000,67393014,67393015,1684028047387,True,True
54895634,0.20990000,1864.00000000,67393016,67393017,1684028047465,True,True
54895635,0.20980000,2657.00000000,67393018,67393022,1684028047472,True,True
54895636,0.20980000,1468.00000000,67393023,67393023,1684028047478,True,True
54895637,0.20980000,890.00000000,67393024,67393025,1684028047483,True,True
54895638,0.20980000,341.00000000,67393026,67393026,1684028047485,True,True
54895639,0.20980000,578.00000000,67393027,67393028,1684028047486,True,True
54895640,0.20980000,268.00000000,67393029,67393029,1684028047488,True,True
54895641,0.20980000,62.00000000,67393030,67393030,1684028047488,True,True
54895642,0.20980000,1439.00000000,67393031,67393032,1684028047488,True,True
54895643,0.20970000,163.00000000,67393033,67393033,1684028047501,True,True
54895644,0.20970000,385.00000000,67393034,67393034,1684028047514,True,True
54895645,0.20970000,2825.00000000,67393035,67393035,1684028068541,True,True
54895646,0.20970000,652.00000000,67393036,67393036,1684028068542,True,True
54895647,0.20970000,713.00000000,67393037,67393037,1684028068542,True,True
54895648,0.20970000,96.00000000,67393038,67393038,1684028068548,True,True
54895649,0.20970000,305.00000000,67393039,67393039,1684028068582,True,True
54895650,0.20970000,419.00000000,67393040,67393040,1684028068594,True,True
54895651,0.20960000,1272.00000000,67393041,67393043,1684028077539,True,True
54895652,0.20970000,100.00000000,67393044,67393044,1684028322167,True,True
54895653,0.20960000,121.00000000,67393045,67393045,1684028405916,False,True
54895654,0.20970000,121.00000000,67393046,67393046,1684028406769,False,True
54895655,0.20980000,834.00000000,67393047,67393048,1684028406769,False,True
54895656,0.20940000,981.00000000,67393049,67393050,1684028527789,True,True
54895657,0.20940000,130.00000000,67393051,67393051,1684028527811,False,True
54895658,0.20930000,184.00000000,67393052,67393053,1684028527977,True,True
54895659,0.20920000,5068.00000000,67393054,67393059,1684028588953,True,True
54895660,0.20920000,5062.00000000,67393060,67393063,1684028589231,True,True
54895661,0.20920000,121.00000000,67393064,67393064,1684028697932,False,True
54895662,0.20920000,121.00000000,67393065,67393065,1684028700433,True,True
54895663,0.20910000,4941.00000000,67393066,67393069,1684028702478,True,True
54895664,0.20910000,14685.00000000,67393070,67393083,1684028702615,True,True
54895665,0.20920000,4888.00000000,67393084,67393089,1684028704472,False,True
54895666,0.20920000,860.00000000,67393090,67393090,1684028715376,False,True
54895667,0.20920000,860.00000000,67393091,67393091,1684028716285,False,True
54895668,0.20920000,860.00000000,67393092,67393092,1684028717125,False,True
54895669,0.20920000,860.00000000,67393093,67393093,1684028717185,False,True
54895670,0.20920000,860.00000000,67393094,67393094,1684028718090,False,True
54895671,0.20930000,1546.00000000,67393095,67393097,1684028742269,False,True
54895672,0.20930000,1257.00000000,67393098,67393098,1684028742272,False,True
54895673,0.20920000,845.00000000,67393099,67393101,1684028745114,True,True
54895674,0.20920000,122.00000000,67393102,67393102,1684028754447,False,True
54895675,0.20920000,141.00000000,67393103,67393104,1684028762791,True,True
54895676,0.20920000,500.00000000,67393105,67393105,1684028897685,False,True
54895677,0.20920000,122.00000000,67393106,67393106,1684028920840,False,True
54895678,0.20920000,120.00000000,67393107,67393107,1684029018328,True,True
54895679,0.20900000,94.00000000,67393108,67393108,1684029026118,True,True
54895680,0.20910000,500.00000000,67393109,67393109,1684029072284,False,True
54895681,0.20910000,122.00000000,67393110,67393110,1684029139569,False,True
54895682,0.20930000,435.00000000,67393111,67393112,1684029301682,False,True
54895683,0.20930000,1022.00000000,67393113,67393114,1684029349729,False,True
54895684,0.20940000,54.00000000,67393115,67393115,1684029366846,False,True
54895685,0.20920000,94.00000000,67393116,67393116,1684029369020,True,True
54895686,0.20930000,232.00000000,67393117,67393118,1684029422883,False,True
54895687,0.20920000,89.00000000,67393119,67393119,1684029668952,False,True
54895688,0.20930000,52.00000000,67393120,67393120,1684029669855,False,True
54895689,0.20930000,4349.00000000,67393121,67393123,1684029717446,True,True
54895690,0.20930000,1509.00000000,67393124,67393124,1684029717558,False,True
54895691,0.20930000,9202.00000000,67393125,67393125,1684029735291,False,True
54895692,0.20940000,67.00000000,67393126,67393126,1684029735444,False,True
54895693,0.20950000,888.00000000,67393127,67393128,1684029735444,False,True
54895694,0.20940000,121.00000000,67393129,67393129,1684029815663,True,True
54895695,0.20930000,4429.00000000,67393130,67393133,1684029815663,True,True
54895696,0.20920000,120.00000000,67393134,67393134,1684029835350,False,True
54895697,0.20930000,120.00000000,67393135,67393135,1684029857174,False,True
54895698,0.20940000,3065.00000000,67393136,67393139,1684029857174,False,True
54895699,0.20940000,122.00000000,67393140,67393140,1684029857243,True,True
54895700,0.20950000,3185.00000000,67393141,67393144,1684029859174,False,True
54895701,0.20950000,3185.00000000,67393145,67393148,1684029860175,False,True
54895702,0.20940000,94.00000000,67393149,67393149,1684029862357,True,True
54895703,0.20950000,955.00000000,67393150,67393150,1684029870269,False,True
54895704,0.20950000,89.00000000,67393151,67393151,1684029879862,False,True
54895705,0.20940000,148.00000000,67393152,67393153,1684029885980,True,True
54895706,0.20950000,121.00000000,67393154,67393154,1684029908898,True,True
54895707,0.20950000,120.00000000,67393155,67393155,1684029908903,True,True
54895708,0.20940000,121.00000000,67393156,67393156,1684029940770,True,True
54895709,0.20930000,121.00000000,67393157,67393157,1684029941209,False,True
54895710,0.20920000,55.00000000,67393158,67393158,1684029949237,True,True
54895711,0.20920000,2803.00000000,67393159,67393162,1684029976048,True,True
54895712,0.20920000,1022.00000000,67393163,67393164,1684029976094,True,True
54895713,0.20920000,341.00000000,67393165,67393165,1684029976208,True,True
54895714,0.20920000,597.00000000,67393166,67393166,1684029998888,False,True
54895715,0.20920000,3061.00000000,67393167,67393167,1684030021053,False,True
54895716,0.20940000,1672.00000000,67393168,67393169,1684030058814,False,True
54895717,0.20930000,870.00000000,67393170,67393171,1684030114851,True,True
54895718,0.20930000,349.00000000,67393172,67393172,1684030192350,True,True
54895719,0.20920000,3186.00000000,67393173,67393173,1684030192842,False,True
54895720,0.20920000,596.00000000,67393174,67393174,1684030208944,False,True
54895721,0.20940000,100.00000000,67393175,67393175,1684030322687,False,True
54895722,0.20950000,341.00000000,67393176,67393179,1684030330017,False,True
54895723,0.20950000,404.00000000,67393180,67393184,1684030330058,False,True
54895724,0.20950000,76.00000000,67393185,67393185,1684030330080,False,True
54895725,0.20950000,100.00000000,67393186,67393186,1684030330219,False,True
54895726,0.20950000,194.00000000,67393187,67393188,1684030330225,False,True
54895727,0.20960000,120.00000000,67393189,67393189,1684030386793,False,True
54895728,0.20960000,120.00000000,67393190,67393190,1684030638804,False,True
54895729,0.20960000,121.00000000,67393191,67393191,1684030688245,True,True
54895730,0.20950000,120.00000000,67393192,67393192,1684030741468,False,True
54895731,0.20960000,75.00000000,67393193,67393193,1684030786353,False,True
54895732,0.20940000,50.00000000,67393194,67393194,1684030801666,True,True
54895733,0.20960000,545.00000000,67393195,67393196,1684030819510,False,True
54895734,0.20970000,94.00000000,67393197,67393197,1684030838734,True,True
54895735,0.20980000,600.00000000,67393198,67393199,1684030869113,False,True
54895736,0.20980000,596.00000000,67393200,67393205,1684030869160,False,True
54895737,0.20980000,297.00000000,67393206,67393209,1684030869163,False,True
54895738,0.20980000,123.00000000,67393210,67393210,1684030869239,True,True
54895739,0.21000000,709.00000000,67393211,67393211,1684030981759,False,True
54895740,0.21000000,631.00000000,67393212,67393212,1684030981763,False,True
54895741,0.21000000,790.00000000,67393213,67393215,1684030981764,False,True
54895742,0.21000000,84.00000000,67393216,67393216,1684030981800,False,True
54895743,0.21000000,100.00000000,67393217,67393217,1684030981819,False,True
54895744,0.21000000,100.00000000,67393218,67393218,1684030982023,False,True
54895745,0.21000000,100.00000000,67393219,67393219,1684030982030,False,True
54895746,0.21000000,100.00000000,67393220,67393220,1684030982127,False,True
54895747,0.21000000,100.00000000,67393221,67393221,1684030982266,False,True
54895748,0.21000000,100.00000000,67393222,67393222,1684030982377,False,True
54895749,0.21000000,100.00000000,67393223,67393223,1684030982505,False,True
54895750,0.21000000,100.00000000,67393224,67393224,1684030982627,False,True
54895751,0.21000000,91.00000000,67393225,67393225,1684030982634,False,True
54895752,0.21010000,55.00000000,67393226,67393226,1684030986948,True,True
54895753,0.21010000,186.00000000,67393227,67393228,1684031007767,True,True
54895754,0.21010000,1360.00000000,67393229,67393230,1684031257989,False,True
54895755,0.21020000,1490.00000000,67393231,67393241,1684031402363,False,True
54895756,0.21030000,9090.00000000,67393242,67393246,1684031402363,False,True
54895757,0.21040000,7090.00000000,67393247,67393248,1684031402363,False,True
54895758,0.21030000,221.00000000,67393249,67393250,1684031408739,False,True
54895759,0.21030000,220.00000000,67393251,67393252,1684031408838,False,True
54895760,0.21030000,790.00000000,67393253,67393260,1684031412535,False,True
54895761,0.21040000,12752.00000000,67393261,67393262,1684031412535,False,True
54895762,0.21050000,4123.00000000,67393263,67393265,1684031412535,False,True
54895763,0.21040000,1269.00000000,67393266,67393268,1684031412969,False,True
54895764,0.21050000,2187.00000000,67393269,67393270,1684031412970,False,True
54895765,0.21040000,76.00000000,67393271,67393271,1684031413038,True,True
54895766,0.21040000,77.00000000,67393272,67393273,1684031413092,True,True
54895767,0.21040000,153.00000000,67393274,67393274,1684031413127,True,True
54895768,0.21040000,163.00000000,67393275,67393275,1684031413422,True,True
54895769,0.21040000,2228.00000000,67393276,67393277,1684031427854,True,True
54895770,0.21030000,2770.00000000,67393278,67393282,1684031497728,True,True
54895771,0.21030000,360.00000000,67393283,67393283,1684031502568,True,True
54895772,0.21020000,121.00000000,67393284,67393284,1684031531951,True,True
54895773,0.21020000,2150.00000000,67393285,67393285,1684031742016,True,True
54895774,0.21010000,1947.00000000,67393286,67393289,1684031742016,True,True
54895775,0.21000000,121.00000000,67393290,67393290,1684031846481,False,True
54895776,0.20990000,619.00000000,67393291,67393291,1684031861180,True,True
54895777,0.21000000,596.00000000,67393292,67393292,1684031861191,False,True
54895778,0.21000000,596.00000000,67393293,67393293,1684031864195,False,True
54895779,0.20990000,314.00000000,67393294,67393294,1684031867439,True,True
54895780,0.20990000,715.00000000,67393295,67393296,1684031867439,True,True
54895781,0.20990000,1110.00000000,67393297,67393298,1684031867439,True,True
54895782,0.20990000,715.00000000,67393299,67393299,1684031878255,True,True
54895783,0.20990000,715.00000000,67393300,67393300,1684031879320,True,True
54895784,0.20990000,475.00000000,67393301,67393301,1684031879321,True,True
54895785,0.20980000,48.00000000,67393302,67393302,1684031879321,True,True
54895786,0.20980000,268.00000000,67393303,67393304,1684031880072,True,True
54895787,0.20980000,715.00000000,67393305,67393305,1684031880248,True,True
54895788,0.20990000,715.00000000,67393306,67393306,1684031880907,True,True
54895789,0.21000000,121.00000000,67393307,67393307,1684031911196,False,True
54895790,0.21000000,596.00000000,67393308,67393313,1684031911212,False,True
54895791,0.21000000,524.00000000,67393314,67393319,1684031911297,False,True
54895792,0.21000000,120.00000000,67393320,67393320,1684031932511,True,True
54895793,0.20990000,121.00000000,67393321,67393321,1684031932835,False,True
54895794,0.20990000,121.00000000,67393322,67393322,1684031932946,False,True
54895795,0.20990000,120.00000000,67393323,67393323,1684031933061,False,True
54895796,0.21000000,121.00000000,67393324,67393324,1684031969523,False,True
54895797,0.21000000,121.00000000,67393325,67393325,1684032075596,True,True
54895798,0.21000000,401.00000000,67393326,67393326,1684032295073,False,True
54895799,0.20990000,1321.00000000,67393327,67393328,1684032298267,True,True
54895800,0.20990000,120.00000000,67393329,67393329,1684032302226,False,True
54895801,0.21000000,500.00000000,67393330,67393330,1684032312834,False,True
54895802,0.21010000,600.00000000,67393331,67393332,1684032323658,False,True
54895803,0.21010000,7217.00000000,67393333,67393334,1684032323767,False,True
54895804,0.21010000,475.00000000,67393335,67393339,1684032323815,False,True
54895805,0.21010000,324.00000000,67393340,67393343,1684032323815,False,True
54895806,0.21020000,121.00000000,67393344,67393344,1684032338586,True,True
54895807,0.21010000,134.00000000,67393345,67393345,1684032480839,False,True
54895808,0.21010000,69.00000000,67393346,67393346,1684032481336,False,True
54895809,0.21010000,100.00000000,67393347,67393347,1684032503990,True,True
54895810,0.21020000,221.00000000,67393348,67393349,1684032604699,False,True
54895811,0.21020000,100.00000000,67393350,67393350,1684032604707,False,True
54895812,0.21020000,120.00000000,67393351,67393351,1684032604709,False,True
54895813,0.21020000,798.00000000,67393352,67393359,1684032626536,False,True
54895814,0.21030000,731.00000000,67393360,67393362,1684032626536,False,True
54895815,0.21030000,503.00000000,67393363,67393363,1684032626540,False,True
54895816,0.21030000,195.00000000,67393364,67393364,1684032626540,False,True
54895817,0.21030000,476.00000000,67393365,67393365,1684032626545,False,True
54895818,0.21030000,860.00000000,67393366,67393366,1684032626551,False,True
54895819,0.21030000,476.00000000,67393367,67393367,1684032626551,False,True
54895820,0.21030000,353.00000000,67393368,67393368,1684032626555,False,True
54895821,0.21040000,80.00000000,67393369,67393369,1684032631379,True,True
54895822,0.21040000,278.00000000,67393370,67393371,1684032648237,True,True
54895823,0.21040000,638.00000000,67393372,67393372,1684032701287,True,True
54895824,0.21040000,121.00000000,67393373,67393373,1684032875706,True,True
54895825,0.21040000,620.00000000,67393374,67393375,1684032954477,False,True
54895826,0.21050000,1227.00000000,67393376,67393379,1684033011256,False,True
54895827,0.21050000,873.00000000,67393380,67393386,1684033011256,False,True
54895828,0.21050000,480.00000000,67393387,67393391,1684033011257,False,True
54895829,0.21050000,413.00000000,67393392,67393396,1684033011259,False,True
54895830,0.21060000,71.00000000,67393397,67393397,1684033090933,False,True
54895831,0.21060000,121.00000000,67393398,67393398,1684033160226,True,True
54895832,0.21050000,120.00000000,67393399,67393399,1684033186756,False,True
54895833,0.21050000,121.00000000,67393400,67393400,1684033269604,True,True
54895834,0.21050000,596.00000000,67393401,67393402,1684033433700,True,True
54895835,0.21050000,54.00000000,67393403,67393403,1684033524076,True,True
54895836,0.21050000,4398.00000000,67393404,67393408,1684033642488,True,True
54895837,0.21050000,2957.00000000,67393409,67393410,1684033648175,True,True
54895838,0.21050000,211.00000000,67393411,67393412,1684033648315,False,True
54895839,0.21050000,109.00000000,67393413,67393413,1684033650106,False,True
54895840,0.21050000,71.00000000,67393414,67393414,1684033651357,False,True
54895841,0.21040000,542.00000000,67393415,67393416,1684033666775,True,True
54895842,0.21050000,325.00000000,67393417,67393417,1684033716411,False,True
54895843,0.21050000,62.00000000,67393418,67393418,1684033772782,True,True
54895844,0.21060000,65.00000000,67393419,67393419,1684033780321,False,True
54895845,0.21060000,1120.00000000,67393420,67393423,1684033985943,False,True
54895846,0.21060000,667.00000000,67393424,67393425,1684033985947,False,True
54895847,0.21060000,121.00000000,67393426,67393426,1684033986161,False,True
54895848,0.21060000,350.00000000,67393427,67393427,1684034017790,True,True
54895849,0.21070000,917.00000000,67393428,67393431,1684034071343,False,True
54895850,0.21070000,817.00000000,67393432,67393440,1684034071346,False,True
54895851,0.21070000,787.00000000,67393441,67393442,1684034071453,False,True
54895852,0.21070000,82.00000000,67393443,67393443,1684034073225,True,True
54895853,0.21080000,50.00000000,67393444,67393444,1684034075401,False,True
54895854,0.21080000,220.00000000,67393445,67393446,1684034114057,False,True
54895855,0.21080000,100.00000000,67393447,67393447,1684034114067,False,True
54895856,0.21080000,242.00000000,67393448,67393450,1684034114166,False,True
54895857,0.21080000,551.00000000,67393451,67393456,1684034114172,False,True
54895858,0.21090000,186.00000000,67393457,67393457,1684034114172,False,True
54895859,0.21090000,430.00000000,67393458,67393459,1684034119453,True,True
54895860,0.21090000,344.00000000,67393460,67393461,1684034121105,True,True
54895861,0.21080000,711.00000000,67393462,67393462,1684034138313,True,True
54895862,0.21070000,94.00000000,67393463,67393464,1684034150515,True,True
54895863,0.21070000,65.00000000,67393465,67393465,1684034172520,True,True
54895864,0.21060000,4942.00000000,67393466,67393467,1684034172520,True,True
54895865,0.21060000,121.00000000,67393468,67393468,1684034172728,False,True
54895866,0.21070000,93.00000000,67393469,67393469,1684034307881,False,True
54895867,0.21060000,94.00000000,67393470,67393470,1684034344625,True,True
54895868,0.21070000,94.00000000,67393471,67393472,1684034349599,False,True
54895869,0.21060000,485.00000000,67393473,67393475,1684034351587,True,True
54895870,0.21070000,47.00000000,67393476,67393477,1684034386258,False,True
54895871,0.21070000,207.00000000,67393478,67393479,1684034398466,False,True
54895872,0.21070000,120.00000000,67393480,67393481,1684034398473,False,True
54895873,0.21070000,100.00000000,67393482,67393482,1684034398473,False,True
54895874,0.21070000,284.00000000,67393483,67393485,1684034398477,False,True
54895875,0.21070000,409.00000000,67393486,67393490,1684034398481,False,True
54895876,0.21080000,184.00000000,67393491,67393492,1684034398481,False,True
54895877,0.21090000,225.00000000,67393493,67393493,1684034398481,False,True
54895878,0.21090000,7163.00000000,67393494,67393500,1684034398492,False,True
54895879,0.21090000,526.00000000,67393501,67393501,1684034398492,False,True
54895880,0.21100000,62.00000000,67393502,67393502,1684034398497,False,True
54895881,0.21100000,62.00000000,67393503,67393504,1684034398500,False,True
54895882,0.21090000,121.00000000,67393505,67393505,1684034398502,True,True
54895883,0.21100000,627.00000000,67393506,67393507,1684034398510,False,True
54895884,0.21100000,2751.00000000,67393508,67393509,1684034399236,False,True
54895885,0.21100000,1960.00000000,67393510,67393510,1684034399585,False,True
54895886,0.21090000,981.00000000,67393511,67393512,1684034427692,True,True
54895887,0.21080000,848.00000000,67393513,67393514,1684034461256,True,True
54895888,0.21080000,1327.00000000,67393515,67393518,1684034463256,True,True
54895889,0.21090000,87.00000000,67393519,67393519,1684034546102,False,True
54895890,0.21090000,117.00000000,67393520,67393521,1684034556252,False,True
54895891,0.21080000,120.00000000,67393522,67393522,1684034616848,True,True
54895892,0.21080000,121.00000000,67393523,67393523,1684034640620,False,True
54895893,0.21090000,219.00000000,67393524,67393524,1684034679348,False,True
54895894,0.21090000,219.00000000,67393525,67393525,1684034679349,False,True
54895895,0.21090000,219.00000000,67393526,67393526,1684034679352,False,True
54895896,0.21090000,219.00000000,67393527,67393527,1684034679354,False,True
54895897,0.21090000,219.00000000,67393528,67393529,1684034679358,False,True
54895898,0.21090000,219.00000000,67393530,67393532,1684034679360,False,True
54895899,0.21090000,219.00000000,67393533,67393535,1684034679384,False,True
54895900,0.21090000,153.00000000,67393536,67393538,1684034679384,False,True
54895901,0.21090000,219.00000000,67393539,67393541,1684034679391,False,True
54895902,0.21080000,92.00000000,67393542,67393542,1684034711620,True,True
54895903,0.21090000,153.00000000,67393543,67393544,1684034713399,False,True
54895904,0.21090000,100.00000000,67393545,67393545,1684034713490,False,True
54895905,0.21090000,155.00000000,67393546,67393547,1684034713495,False,True
54895906,0.21090000,40.00000000,67393548,67393548,1684034722115,False,True
54895907,0.21100000,52.00000000,67393549,67393549,1684034736834,False,True
54895908,0.21100000,642.00000000,67393550,67393552,1684034738837,False,True
54895909,0.21100000,574.00000000,67393553,67393558,1684034745236,False,True
54895910,0.21100000,321.00000000,67393559,67393562,1684034745250,False,True
54895911,0.21110000,153.00000000,67393563,67393563,1684034745250,False,True
54895912,0.21110000,321.00000000,67393564,67393564,1684034745301,False,True
54895913,0.21110000,550.00000000,67393565,67393566,1684034750051,False,True
54895914,0.21110000,447.00000000,67393567,67393568,1684034750059,False,True
54895915,0.21110000,100.00000000,67393569,67393569,1684034750071,False,True
54895916,0.21110000,89.00000000,67393570,67393570,1684034750103,False,True
54895917,0.21110000,153.00000000,67393571,67393573,1684034923240,False,True
54895918,0.21110000,58.00000000,67393574,67393574,1684034923248,False,True
54895919,0.21110000,100.00000000,67393575,67393575,1684034923308,False,True
54895920,0.21110000,100.00000000,67393576,67393576,1684034923316,False,True
54895921,0.21110000,295.00000000,67393577,67393579,1684034923559,False,True
54895922,0.21130000,69.00000000,67393580,67393580,1684034925412,True,True
54895923,0.21130000,71.00000000,67393581,67393582,1684034935541,True,True
54895924,0.21130000,94.00000000,67393583,67393583,1684034940486,True,True
54895925,0.21130000,125.00000000,67393584,67393585,1684034959651,True,True
54895926,0.21120000,75.00000000,67393586,67393586,1684034959651,True,True
54895927,0.21130000,367.00000000,67393587,67393587,1684035018587,True,True
54895928,0.21120000,46.00000000,67393588,67393588,1684035073531,True,True
54895929,0.21110000,503.00000000,67393589,67393589,1684035073549,True,True
54895930,0.21110000,120.00000000,67393590,67393590,1684035088286,False,True
54895931,0.21120000,115.00000000,67393591,67393591,1684035088286,False,True
54895932,0.21120000,124.00000000,67393592,67393593,1684035088799,False,True
54895933,0.21120000,100.00000000,67393594,67393594,1684035176506,True,True
54895934,0.21130000,220.00000000,67393595,67393596,1684035205265,False,True
54895935,0.21130000,100.00000000,67393597,67393597,1684035205366,False,True
54895936,0.21130000,100.00000000,67393598,67393598,1684035205465,False,True
54895937,0.21130000,100.00000000,67393599,67393599,1684035207065,False,True
54895938,0.21130000,100.00000000,67393600,67393600,1684035207165,False,True
54895939,0.21130000,100.00000000,67393601,67393601,1684035207267,False,True
54895940,0.21130000,393.00000000,67393602,67393605,1684035210160,False,True
54895941,0.21140000,120.00000000,67393606,67393606,1684035233070,True,True
54895942,0.21130000,119.00000000,67393607,67393607,1684035279887,False,True
54895943,0.21140000,5851.00000000,67393608,67393611,1684035279887,False,True
54895944,0.21140000,9307.00000000,67393612,67393612,1684035279891,True,True
54895945,0.21140000,596.00000000,67393613,67393613,1684035279895,True,True
54895946,0.21140000,5394.00000000,67393614,67393614,1684035279895,True,True
54895947,0.21140000,303.00000000,67393615,67393615,1684035279896,True,True
54895948,0.21140000,1132.00000000,67393616,67393616,1684035280007,True,True
54895949,0.21140000,100.00000000,67393617,67393617,1684035322153,False,True
54895950,0.21140000,120.00000000,67393618,67393618,1684035430626,True,True
54895951,0.21130000,40.00000000,67393619,67393619,1684035430626,True,True
54895952,0.21130000,2617.00000000,67393620,67393623,1684035455909,True,True
54895953,0.21140000,334.00000000,67393624,67393627,1684035547251,False,True
54895954,0.21140000,220.00000000,67393628,67393630,1684035547259,False,True
54895955,0.21140000,66.00000000,67393631,67393631,1684035547271,False,True
54895956,0.21140000,100.00000000,67393632,67393632,1684035547287,False,True
54895957,0.21140000,100.00000000,67393633,67393633,1684035547292,False,True
54895958,0.21140000,100.00000000,67393634,67393634,1684035547321,False,True
54895959,0.21140000,191.00000000,67393635,67393636,1684035547358,False,True
54895960,0.21150000,202.00000000,67393637,67393638,1684035547359,False,True
54895961,0.21160000,120.00000000,67393639,67393639,1684035558448,True,True
54895962,0.21150000,127.00000000,67393640,67393641,1684035592108,True,True
54895963,0.21140000,119.00000000,67393642,67393642,1684035678281,True,True
54895964,0.21130000,120.00000000,67393643,67393643,1684035705229,False,True
54895965,0.21130000,71.00000000,67393644,67393644,1684035710776,True,True
54895966,0.21130000,57.00000000,67393645,67393646,1684035711492,True,True
54895967,0.21130000,51.00000000,67393647,67393647,1684035711600,True,True
54895968,0.21130000,51.00000000,67393648,67393648,1684035711681,True,True
54895969,0.21130000,51.00000000,67393649,67393649,1684035711707,True,True
54895970,0.21120000,1024.00000000,67393650,67393651,1684035740977,True,True
54895971,0.21130000,100.00000000,67393652,67393652,1684035746075,False,True
54895972,0.21130000,220.00000000,67393653,67393654,1684035746201,False,True
54895973,0.21130000,220.00000000,67393655,67393656,1684035746349,False,True
54895974,0.21130000,219.00000000,67393657,67393658,1684035746471,False,True
54895975,0.21130000,100.00000000,67393659,67393659,1684035746626,False,True
54895976,0.21130000,100.00000000,67393660,67393660,1684035746754,False,True
54895977,0.21130000,100.00000000,67393661,67393661,1684035747672,False,True
54895978,0.21130000,100.00000000,67393662,67393662,1684035747772,False,True
54895979,0.21130000,100.00000000,67393663,67393663,1684035754375,False,True
54895980,0.21130000,91.00000000,67393664,67393664,1684035754588,False,True
54895981,0.21130000,100.00000000,67393665,67393665,1684035755782,False,True
54895982,0.21130000,100.00000000,67393666,67393666,1684035755938,False,True
54895983,0.21130000,100.00000000,67393667,67393667,1684035756175,False,True
54895984,0.21130000,100.00000000,67393668,67393668,1684035756276,False,True
54895985,0.21130000,100.00000000,67393669,67393669,1684035756389,False,True
54895986,0.21130000,100.00000000,67393670,67393670,1684035757977,False,True
54895987,0.21130000,100.00000000,67393671,67393671,1684035758078,False,True
54895988,0.21130000,100.00000000,67393672,67393672,1684035758189,False,True
54895989,0.21130000,100.00000000,67393673,67393673,1684035758339,False,True
54895990,0.21130000,91.00000000,67393674,67393674,1684035758489,False,True
54895991,0.21140000,100.00000000,67393675,67393675,1684035784721,False,True
54895992,0.21140000,596.00000000,67393676,67393681,1684035784724,False,True
54895993,0.21140000,295.00000000,67393682,67393685,1684035785360,False,True
54895994,0.21150000,220.00000000,67393686,67393688,1684035797511,False,True
54895995,0.21150000,80.00000000,67393689,67393689,1684035797627,False,True
54895996,0.21150000,100.00000000,67393690,67393690,1684035797734,False,True
54895997,0.21150000,100.00000000,67393691,67393691,1684035797858,False,True
54895998,0.21150000,100.00000000,67393692,67393692,1684035798000,False,True
54895999,0.21150000,100.00000000,67393693,67393693,1684035798376,False,True
54896000,0.21150000,100.00000000,67393694,67393694,1684035798483,False,True
54896001,0.21150000,4519.00000000,67393695,67393696,1684035799960,False,True
54896002,0.21150000,90.00000000,67393697,67393697,1684035800127,False,True
54896003,0.21160000,732.00000000,67393698,67393700,1684035875633,False,True
54896004,0.21160000,311.00000000,67393701,67393701,1684035875647,False,True
54896005,0.21160000,288.00000000,67393702,67393702,1684035875672,False,True
54896006,0.21160000,248.00000000,67393703,67393703,1684035875703,False,True
54896007,0.21160000,100.00000000,67393704,67393704,1684035916856,False,True
54896008,0.21160000,100.00000000,67393705,67393705,1684035918267,False,True
54896009,0.21160000,596.00000000,67393706,67393711,1684035918271,False,True
54896010,0.21160000,94.00000000,67393712,67393713,1684035918337,False,True
54896011,0.21170000,585.00000000,67393714,67393714,1684035918337,False,True
54896012,0.21180000,2443.00000000,67393715,67393716,1684035919012,False,True
54896013,0.21190000,3580.00000000,67393717,67393719,1684035919012,False,True
54896014,0.21180000,2688.00000000,67393720,67393721,1684035921465,True,True
54896015,0.21180000,120.00000000,67393722,67393722,1684035922172,True,True
54896016,0.21170000,57.00000000,67393723,67393723,1684035930616,True,True
54896017,0.21170000,63.00000000,67393724,67393724,1684035930622,True,True
54896018,0.21160000,8.00000000,67393725,67393725,1684035930622,True,True
54896019,0.21160000,71.00000000,67393726,67393726,1684035930629,True,True
54896020,0.21160000,66.00000000,67393727,67393728,1684035930632,True,True
54896021,0.21160000,71.00000000,67393729,67393729,1684035930634,True,True
54896022,0.21160000,95.00000000,67393730,67393730,1684035930636,True,True
54896023,0.21160000,71.00000000,67393731,67393731,1684035930639,True,True
54896024,0.21160000,71.00000000,67393732,67393732,1684035930643,True,True
54896025,0.21160000,71.00000000,67393733,67393733,1684035930647,True,True
54896026,0.21160000,68.00000000,67393734,67393734,1684035930651,True,True
54896027,0.21160000,71.00000000,67393735,67393735,1684035934316,True,True
54896028,0.21160000,119.00000000,67393736,67393736,1684035939939,True,True
54896029,0.21150000,303.00000000,67393737,67393738,1684035939961,True,True
54896030,0.21150000,3423.00000000,67393739,67393739,1684035940019,True,True
54896031,0.21140000,120.00000000,67393740,67393740,1684036054345,False,True
54896032,0.21140000,70.00000000,67393741,67393741,1684036059989,True,True
54896033,0.21160000,961.00000000,67393742,67393744,1684036079350,False,True
54896034,0.21160000,889.00000000,67393745,67393753,1684036079350,False,True
54896035,0.21170000,220.00000000,67393754,67393755,1684036159329,False,True
54896036,0.21170000,139.00000000,67393756,67393757,1684036159413,False,True
54896037,0.21170000,596.00000000,67393758,67393764,1684036159413,False,True
54896038,0.21170000,275.00000000,67393765,67393767,1684036159424,False,True
54896039,0.21180000,328.00000000,67393768,67393768,1684036159424,False,True
54896040,0.21180000,646.00000000,67393769,67393770,1684036225998,True,True
54896041,0.21170000,119.00000000,67393771,67393771,1684036251179,True,True
54896042,0.21160000,537.00000000,67393772,67393772,1684036251207,True,True
54896043,0.21160000,536.00000000,67393773,67393774,1684036304992,False,True
54896044,0.21160000,749.00000000,67393775,67393775,1684036304992,False,True
54896045,0.21160000,541.00000000,67393776,67393777,1684036304993,False,True
54896046,0.21160000,995.00000000,67393778,67393778,1684036304993,False,True
54896047,0.21160000,538.00000000,67393779,67393779,1684036304998,False,True
54896048,0.21170000,120.00000000,67393780,67393780,1684036305115,False,True
54896049,0.21180000,1880.00000000,67393781,67393784,1684036305115,False,True
54896050,0.21180000,586.00000000,67393785,67393785,1684036305146,False,True
54896051,0.21180000,120.00000000,67393786,67393786,1684036305489,True,True
54896052,0.21180000,1023.00000000,67393787,67393788,1684036322353,False,True
54896053,0.21170000,119.00000000,67393789,67393789,1684036368528,False,True
54896054,0.21180000,581.00000000,67393790,67393790,1684036368528,False,True
54896055,0.21160000,2550.00000000,67393791,67393795,1684036412210,True,True
54896056,0.21170000,1079.00000000,67393796,67393797,1684036453330,True,True
54896057,0.21170000,221.00000000,67393798,67393799,1684036484971,False,True
54896058,0.21170000,221.00000000,67393800,67393800,1684036484973,False,True
54896059,0.21170000,221.00000000,67393801,67393801,1684036484974,False,True
54896060,0.21170000,221.00000000,67393802,67393802,1684036484982,False,True
54896061,0.21170000,221.00000000,67393803,67393803,1684036484985,False,True
54896062,0.21170000,122.00000000,67393804,67393805,1684036484987,False,True
54896063,0.21180000,99.00000000,67393806,67393806,1684036484987,False,True
54896064,0.21180000,221.00000000,67393807,67393808,1684036485003,False,True
54896065,0.21180000,221.00000000,67393809,67393809,1684036485013,False,True
54896066,0.21180000,221.00000000,67393810,67393810,1684036485020,False,True
54896067,0.21180000,197.00000000,67393811,67393811,1684036633258,False,True
54896068,0.21180000,197.00000000,67393812,67393812,1684036633272,False,True
54896069,0.21180000,197.00000000,67393813,67393813,1684036633278,False,True
54896070,0.21180000,197.00000000,67393814,67393814,1684036633285,False,True
54896071,0.21180000,197.00000000,67393815,67393815,1684036633292,False,True
54896072,0.21180000,3.00000000,67393816,67393816,1684036633295,False,True
54896073,0.21190000,194.00000000,67393817,67393817,1684036633295,False,True
54896074,0.21190000,197.00000000,67393818,67393818,1684036633301,False,True
54896075,0.21190000,197.00000000,67393819,67393819,1684036633311,False,True
54896076,0.21190000,197.00000000,67393820,67393820,1684036633311,False,True
54896077,0.21190000,197.00000000,67393821,67393822,1684036633332,False,True
54896078,0.21190000,100.00000000,67393823,67393823,1684036733651,False,True
54896079,0.21160000,716.00000000,67393824,67393825,1684036845226,True,True
54896080,0.21150000,1334.00000000,67393826,67393826,1684036845226,True,True
54896081,0.21160000,120.00000000,67393827,67393827,1684036845236,False,True
54896082,0.21170000,2687.00000000,67393828,67393829,1684036849224,False,True
54896083,0.21170000,2691.00000000,67393830,67393831,1684036851384,False,True
54896084,0.21170000,120.00000000,67393832,67393832,1684036948430,True,True
54896085,0.21170000,120.00000000,67393833,67393833,1684036969350,True,True
54896086,0.21170000,2311.00000000,67393834,67393834,1684037085207,False,True
54896087,0.21160000,2306.00000000,67393835,67393839,1684037104798,True,True
54896088,0.21150000,120.00000000,67393840,67393840,1684037159996,True,True
54896089,0.21140000,4130.00000000,67393841,67393843,1684037159996,True,True
54896090,0.21130000,120.00000000,67393844,67393844,1684037207084,False,True
54896091,0.21140000,596.00000000,67393845,67393845,1684037258585,False,True
54896092,0.21150000,989.00000000,67393846,67393846,1684037347626,False,True
54896093,0.21160000,197.00000000,67393847,67393848,1684037347720,False,True
54896094,0.21150000,715.00000000,67393849,67393850,1684037491198,True,True
54896095,0.21140000,119.00000000,67393851,67393851,1684037510353,True,True
54896096,0.21130000,515.00000000,67393852,67393852,1684037510369,True,True
54896097,0.21130000,716.00000000,67393853,67393854,1684037534000,False,True
54896098,0.21140000,1109.00000000,67393855,67393856,1684037576098,False,True
54896099,0.21150000,221.00000000,67393857,67393857,1684037636395,False,True
54896100,0.21150000,221.00000000,67393858,67393858,1684037636398,False,True
54896101,0.21150000,221.00000000,67393859,67393859,1684037636400,False,True
54896102,0.21150000,221.00000000,67393860,67393860,1684037636407,False,True
54896103,0.21150000,105.00000000,67393861,67393861,1684037636414,False,True
54896104,0.21160000,116.00000000,67393862,67393862,1684037636414,False,True
54896105,0.21170000,221.00000000,67393863,67393863,1684037636420,False,True
54896106,0.21160000,153.00000000,67393864,67393864,1684037636424,False,True
54896107,0.21160000,197.00000000,67393865,67393865,1684037636435,False,True
54896108,0.21160000,197.00000000,67393866,67393866,1684037636443,False,True
54896109,0.21160000,65.00000000,67393867,67393867,1684037636449,False,True
54896110,0.21160000,65.00000000,67393868,67393868,1684037636455,False,True
54896111,0.21160000,100.00000000,67393869,67393870,1684037694585,False,True
54896112,0.21160000,400.00000000,67393871,67393871,1684037709059,False,True
54896113,0.21160000,343.00000000,67393872,67393872,1684037709060,False,True
54896114,0.21160000,245.00000000,67393873,67393873,1684037709062,False,True
54896115,0.21160000,141.00000000,67393874,67393874,1684037738412,True,True
54896116,0.21160000,627.00000000,67393875,67393875,1684037752634,True,True
54896117,0.21150000,1938.00000000,67393876,67393878,1684037752703,True,True
54896118,0.21140000,62.00000000,67393879,67393879,1684037752812,True,True
54896119,0.21140000,62.00000000,67393880,67393880,1684037752829,True,True
54896120,0.21130000,120.00000000,67393881,67393881,1684037858668,False,True
54896121,0.21130000,104.00000000,67393882,67393882,1684037858767,True,True
54896122,0.21130000,15.00000000,67393883,67393883,1684037873494,True,True
54896123,0.21120000,120.00000000,67393884,67393884,1684037873966,False,True
54896124,0.21120000,120.00000000,67393885,67393885,1684037912714,False,True
54896125,0.21130000,236.00000000,67393886,67393888,1684038111835,False,True
54896126,0.21130000,83.00000000,67393889,67393889,1684038132118,False,True
54896127,0.21130000,100.00000000,67393890,67393890,1684038132220,False,True
54896128,0.21130000,596.00000000,67393891,67393896,1684038132220,False,True
54896129,0.21130000,94.00000000,67393897,67393898,1684038132305,False,True
54896130,0.21140000,197.00000000,67393899,67393899,1684038262288,False,True
54896131,0.21140000,197.00000000,67393900,67393900,1684038262299,False,True
54896132,0.21140000,197.00000000,67393901,67393901,1684038262301,False,True
54896133,0.21140000,197.00000000,67393902,67393902,1684038262302,False,True
54896134,0.21140000,103.00000000,67393903,67393903,1684038262305,False,True
54896135,0.21140000,98.00000000,67393904,67393904,1684038262305,False,True
54896136,0.21150000,99.00000000,67393905,67393905,1684038262305,False,True
54896137,0.21150000,197.00000000,67393906,67393907,1684038262333,False,True
54896138,0.21150000,197.00000000,67393908,67393908,1684038262349,False,True
54896139,0.21140000,120.00000000,67393909,67393909,1684038339859,True,True
54896140,0.21120000,119.00000000,67393910,67393910,1684038373662,True,True
54896141,0.21110000,119.00000000,67393911,67393911,1684038399795,False,True
54896142,0.21120000,236.00000000,67393912,67393913,1684038492855,True,True
54896143,0.21120000,119.00000000,67393914,67393914,1684038549659,False,True
54896144,0.21130000,103.00000000,67393915,67393915,1684038550367,False,True
54896145,0.21130000,103.00000000,67393916,67393916,1684038550367,False,True
54896146,0.21130000,103.00000000,67393917,67393917,1684038550377,False,True
54896147,0.21130000,103.00000000,67393918,67393918,1684038550383,False,True
54896148,0.21130000,103.00000000,67393919,67393919,1684038550384,False,True
54896149,0.21130000,103.00000000,67393920,67393920,1684038550418,False,True
54896150,0.21130000,197.00000000,67393921,67393921,1684038550420,False,True
54896151,0.21130000,103.00000000,67393922,67393922,1684038550427,False,True
54896152,0.21130000,71.00000000,67393923,67393923,1684038550438,False,True
54896153,0.21140000,23.00000000,67393924,67393924,1684038550438,False,True
54896154,0.21140000,156.00000000,67393925,67393925,1684038550442,False,True
54896155,0.21140000,74.00000000,67393926,67393926,1684038550459,False,True
54896156,0.21140000,94.00000000,67393927,67393927,1684038550460,False,True
54896157,0.21130000,2265.00000000,67393928,67393929,1684038601983,True,True
54896158,0.21120000,3532.00000000,67393930,67393933,1684038601983,True,True
54896159,0.21140000,467.00000000,67393934,67393934,1684038609548,False,True
54896160,0.21140000,353.00000000,67393935,67393935,1684038609551,False,True
54896161,0.21140000,169.00000000,67393936,67393936,1684038613498,False,True
54896162,0.21150000,431.00000000,67393937,67393938,1684038613563,False,True
54896163,0.21160000,197.00000000,67393939,67393939,1684038622534,False,True
54896164,0.21160000,197.00000000,67393940,67393940,1684038622536,False,True
54896165,0.21160000,197.00000000,67393941,67393941,1684038622541,False,True
54896166,0.21160000,197.00000000,67393942,67393942,1684038622545,False,True
54896167,0.21160000,197.00000000,67393943,67393943,1684038622545,False,True
54896168,0.21160000,3.00000000,67393944,67393944,1684038622546,False,True
54896169,0.21170000,194.00000000,67393945,67393946,1684038622546,False,True
54896170,0.21160000,197.00000000,67393947,67393947,1684038622596,False,True
54896171,0.21150000,596.00000000,67393948,67393949,1684038644112,True,True
54896172,0.21150000,189.00000000,67393950,67393950,1684038644112,True,True
54896173,0.21170000,987.00000000,67393951,67393951,1684038820739,False,True
54896174,0.21180000,1267.00000000,67393952,67393952,1684038820768,False,True
54896175,0.21180000,1941.00000000,67393953,67393955,1684038826000,True,True
54896176,0.21180000,1106.00000000,67393956,67393957,1684038883430,False,True
54896177,0.21190000,120.00000000,67393958,67393958,1684038883609,True,True
54896178,0.21180000,119.00000000,67393959,67393959,1684038900059,False,True
54896179,0.21190000,986.00000000,67393960,67393960,1684038913564,False,True
54896180,0.21200000,197.00000000,67393961,67393961,1684038913593,False,True
54896181,0.21200000,197.00000000,67393962,67393962,1684038913596,False,True
54896182,0.21190000,80.00000000,67393963,67393963,1684038915771,True,True
54896183,0.21190000,973.00000000,67393964,67393965,1684038919066,True,True
54896184,0.21190000,13489.00000000,67393966,67393982,1684038924999,True,True
54896185,0.21180000,167.00000000,67393983,67393983,1684038926331,True,True
54896186,0.21190000,94.00000000,67393984,67393984,1684038930471,False,True
54896187,0.21190000,94.00000000,67393985,67393986,1684038931352,False,True
54896188,0.21190000,51.00000000,67393987,67393987,1684038933026,False,True
54896189,0.21200000,43.00000000,67393988,67393988,1684038933026,False,True
54896190,0.21200000,94.00000000,67393989,67393989,1684038966265,False,True
54896191,0.21200000,94.00000000,67393990,67393990,1684038985782,False,True
54896192,0.21200000,527.00000000,67393991,67393991,1684039037490,False,True
54896193,0.21200000,415.00000000,67393992,67393993,1684039037506,False,True
54896194,0.21200000,120.00000000,67393994,67393994,1684039146576,True,True
54896195,0.21200000,328.00000000,67393995,67393996,1684039231292,True,True
54896196,0.21200000,860.00000000,67393997,67393997,1684039231360,True,True
54896197,0.21190000,120.00000000,67393998,67393998,1684039330521,True,True
54896198,0.21180000,5754.00000000,67393999,67394001,1684039330521,True,True
54896199,0.21170000,95.00000000,67394002,67394002,1684039414419,True,True
54896200,0.21180000,980.00000000,67394003,67394004,1684039416516,False,True
54896201,0.21190000,986.00000000,67394005,67394005,1684039513831,False,True
54896202,0.21200000,614.00000000,67394006,67394007,1684039513838,False,True
54896203,0.21200000,887.00000000,67394008,67394008,1684039513847,False,True
54896204,0.21200000,1306.00000000,67394009,67394010,1684039513847,False,True
54896205,0.21200000,370.00000000,67394011,67394011,1684039513858,False,True
54896206,0.21200000,375.00000000,67394012,67394013,1684039513871,False,True
54896207,0.21200000,511.00000000,67394014,67394014,1684039513876,False,True
54896208,0.21200000,1938.00000000,67394015,67394017,1684039515828,True,True
54896209,0.21180000,120.00000000,67394018,67394018,1684039571848,False,True
54896210,0.21190000,406.00000000,67394019,67394020,1684039571849,False,True
54896211,0.21190000,120.00000000,67394021,67394021,1684039591784,True,True
54896212,0.21180000,1367.00000000,67394022,67394024,1684039609238,True,True
54896213,0.21170000,1368.00000000,67394025,67394026,1684039611238,True,True
54896214,0.21170000,1368.00000000,67394027,67394028,1684039612238,True,True
54896215,0.21160000,5649.00000000,67394029,67394034,1684039686996,True,True
54896216,0.21160000,135.00000000,67394035,67394035,1684039686998,False,True
54896217,0.21160000,208.00000000,67394036,67394036,1684039687000,False,True
54896218,0.21160000,335.00000000,67394037,67394037,1684039687000,False,True
54896219,0.21160000,1990.00000000,67394038,67394038,1684039687002,False,True
54896220,0.21160000,17534.00000000,67394039,67394039,1684039687005,False,True
54896221,0.21170000,120.00000000,67394040,67394040,1684039687126,False,True
54896222,0.21170000,120.00000000,67394041,67394041,1684039687311,False,True
54896223,0.21170000,120.00000000,67394042,67394042,1684039723689,False,True
54896224,0.21180000,854.00000000,67394043,67394043,1684039752299,False,True
54896225,0.21180000,251.00000000,67394044,67394045,1684039759896,False,True
54896226,0.21180000,980.00000000,67394046,67394047,1684039823883,True,True
54896227,0.21180000,119.00000000,67394048,67394048,1684039842260,False,True
54896228,0.21190000,400.00000000,67394049,67394050,1684039842314,False,True
54896229,0.21190000,192.00000000,67394051,67394051,1684039842525,False,True
54896230,0.21200000,1666.00000000,67394052,67394055,1684039842525,False,True
54896231,0.21190000,931.00000000,67394056,67394056,1684039861428,True,True
54896232,0.21180000,120.00000000,67394057,67394057,1684039862541,True,True
54896233,0.21170000,3764.00000000,67394058,67394062,1684039862557,True,True
54896234,0.21170000,668.00000000,67394063,67394064,1684039862611,True,True
54896235,0.21170000,215.00000000,67394065,67394065,1684039862860,True,True
54896236,0.21160000,120.00000000,67394066,67394066,1684039864786,True,True
54896237,0.21150000,119.00000000,67394067,67394067,1684039907862,False,True
54896238,0.21160000,120.00000000,67394068,67394068,1684039944928,True,True
54896239,0.21160000,119.00000000,67394069,67394069,1684039994745,False,True
54896240,0.21170000,212.00000000,67394070,67394070,1684039994745,False,True
54896241,0.21160000,120.00000000,67394071,67394071,1684040035221,True,True
54896242,0.21170000,349.00000000,67394072,67394075,1684040110301,False,True
54896243,0.21170000,70.00000000,67394076,67394076,1684040121614,False,True
54896244,0.21160000,2417.00000000,67394077,67394079,1684040142937,True,True
54896245,0.21160000,94.00000000,67394080,67394080,1684040231287,True,True
54896246,0.21180000,103.00000000,67394081,67394081,1684040257493,False,True
54896247,0.21170000,119.00000000,67394082,67394082,1684040264238,True,True
54896248,0.21180000,154.00000000,67394083,67394085,1684040412506,False,True
54896249,0.21160000,119.00000000,67394086,67394086,1684040582366,False,True
54896250,0.21170000,395.00000000,67394087,67394088,1684040582392,False,True
54896251,0.21170000,120.00000000,67394089,67394089,1684040623195,True,True
54896252,0.21170000,100.00000000,67394090,67394090,1684040637861,False,True
54896253,0.21170000,100.00000000,67394091,67394091,1684040637884,False,True
54896254,0.21170000,100.00000000,67394092,67394092,1684040637908,False,True
54896255,0.21170000,84.00000000,67394093,67394093,1684040637939,False,True
54896256,0.21160000,112.00000000,67394094,67394094,1684040639475,True,True
54896257,0.21170000,135.00000000,67394095,67394096,1684040639525,False,True
54896258,0.21170000,100.00000000,67394097,67394097,1684040639552,False,True
54896259,0.21170000,100.00000000,67394098,67394098,1684040639577,False,True
54896260,0.21170000,100.00000000,67394099,67394099,1684040639600,False,True
54896261,0.21170000,73.00000000,67394100,67394100,1684040639626,False,True
54896262,0.21160000,346.00000000,67394101,67394103,1684040956832,True,True
54896263,0.21170000,124.00000000,67394104,67394105,1684040956883,False,True
54896264,0.21170000,572.00000000,67394106,67394107,1684041011163,False,True
54896265,0.21170000,212.00000000,67394108,67394109,1684041011174,False,True
54896266,0.21170000,349.00000000,67394110,67394111,1684041030755,True,True
54896267,0.21170000,596.00000000,67394112,67394112,1684041030758,True,True
54896268,0.21180000,2360.00000000,67394113,67394116,1684041105052,False,True
54896269,0.21180000,481.00000000,67394117,67394118,1684041148310,False,True
54896270,0.21180000,79.00000000,67394119,67394119,1684041161546,False,True
54896271,0.21170000,1322.00000000,67394120,67394120,1684041279545,True,True
54896272,0.21170000,120.00000000,67394121,67394121,1684041305171,True,True
54896273,0.21170000,592.00000000,67394122,67394123,1684041604376,False,True
54896274,0.21170000,261.00000000,67394124,67394124,1684041604458,False,True
54896275,0.21180000,897.00000000,67394125,67394126,1684041647615,False,True
54896276,0.21180000,220.00000000,67394127,67394128,1684041647622,False,True
54896277,0.21180000,159.00000000,67394129,67394130,1684041647627,False,True
54896278,0.21180000,533.00000000,67394131,67394136,1684041647627,False,True
54896279,0.21190000,374.00000000,67394137,67394138,1684041650777,True,True
54896280,0.21190000,341.00000000,67394139,67394141,1684041868365,False,True
54896281,0.21190000,120.00000000,67394142,67394142,1684041881805,True,True
54896282,0.21170000,773.00000000,67394143,67394144,1684042087681,True,True
54896283,0.21170000,370.00000000,67394145,67394145,1684042152126,True,True
54896284,0.21160000,953.00000000,67394146,67394147,1684042152126,True,True
54896285,0.21170000,100.00000000,67394148,67394148,1684042161115,False,True
54896286,0.21160000,20707.00000000,67394149,67394161,1684042169966,True,True
54896287,0.21160000,2982.00000000,67394162,67394165,1684042169971,True,True
54896288,0.21160000,4660.00000000,67394166,67394171,1684042169977,True,True
54896289,0.21160000,120.00000000,67394172,67394172,1684042169985,False,True
54896290,0.21150000,860.00000000,67394173,67394173,1684042206276,False,True
54896291,0.21160000,1230.00000000,67394174,67394175,1684042206311,False,True
54896292,0.21160000,860.00000000,67394176,67394176,1684042221291,False,True
54896293,0.21170000,617.00000000,67394177,67394179,1684042221296,False,True
54896294,0.21170000,532.00000000,67394180,67394181,1684042221300,False,True
54896295,0.21160000,120.00000000,67394182,67394182,1684042221308,False,True
54896296,0.21160000,63.00000000,67394183,67394183,1684042221308,False,True
54896297,0.21160000,677.00000000,67394184,67394184,1684042221308,False,True
54896298,0.21160000,646.00000000,67394185,67394186,1684042253991,True,True
54896299,0.21160000,897.00000000,67394187,67394188,1684042273386,True,True
54896300,0.21150000,214.00000000,67394189,67394189,1684042273423,True,True
54896301,0.21150000,248.00000000,67394190,67394190,1684042339187,True,True
54896302,0.21150000,120.00000000,67394191,67394191,1684042511180,False,True
54896303,0.21150000,120.00000000,67394192,67394192,1684042794366,True,True
54896304,0.21150000,75.00000000,67394193,67394193,1684042794516,True,True
54896305,0.21140000,120.00000000,67394194,67394194,1684042796247,True,True
54896306,0.21130000,353.00000000,67394195,67394196,1684042796247,True,True
54896307,0.21140000,120.00000000,67394197,67394197,1684042826335,False,True
54896308,0.21140000,70.00000000,67394198,67394198,1684042937166,False,True
54896309,0.21130000,1006.00000000,67394199,67394200,1684042958299,False,True
54896310,0.21140000,1758.00000000,67394201,67394203,1684043091375,False,True
54896311,0.21140000,1108.00000000,67394204,67394205,1684043091376,False,True
54896312,0.21140000,547.00000000,67394206,67394206,1684043091377,False,True
54896313,0.21140000,332.00000000,67394207,67394207,1684043091379,False,True
54896314,0.21140000,531.00000000,67394208,67394208,1684043091380,False,True
54896315,0.21140000,876.00000000,67394209,67394209,1684043091380,False,True
54896316,0.21140000,814.00000000,67394210,67394210,1684043091381,False,True
54896317,0.21140000,256.00000000,67394211,67394213,1684043091496,False,True
54896318,0.21140000,330.00000000,67394214,67394217,1684043092462,False,True
54896319,0.21140000,154.00000000,67394218,67394219,1684043144509,False,True
54896320,0.21140000,596.00000000,67394220,67394225,1684043145124,False,True
54896321,0.21140000,24.00000000,67394226,67394226,1684043157826,False,True
54896322,0.21150000,120.00000000,67394227,67394227,1684043157826,False,True
54896323,0.21160000,119.00000000,67394228,67394228,1684043157826,False,True
54896324,0.21160000,100.00000000,67394229,67394229,1684043222193,False,True
54896325,0.21150000,65.00000000,67394230,67394230,1684043282430,True,True
54896326,0.21160000,100.00000000,67394231,67394231,1684043291601,False,True
54896327,0.21150000,1573.00000000,67394232,67394232,1684043509786,True,True
54896328,0.21150000,120.00000000,67394233,67394233,1684043595283,True,True
54896329,0.21140000,1078.00000000,67394234,67394234,1684043604679,True,True
54896330,0.21130000,120.00000000,67394235,67394235,1684043642250,True,True
54896331,0.21130000,1023.00000000,67394236,67394238,1684043761109,True,True
54896332,0.21130000,119.00000000,67394239,67394239,1684043886947,True,True
54896333,0.21120000,555.00000000,67394240,67394240,1684043886947,True,True
54896334,0.21120000,209.00000000,67394241,67394241,1684043899075,True,True
54896335,0.21130000,1333.00000000,67394242,67394243,1684044009381,False,True
54896336,0.21130000,1569.00000000,67394244,67394244,1684044009384,False,True
54896337,0.21130000,578.00000000,67394245,67394245,1684044009388,False,True
54896338,0.21130000,857.00000000,67394246,67394246,1684044009396,False,True
54896339,0.21130000,136.00000000,67394247,67394247,1684044009424,False,True
54896340,0.21130000,1657.00000000,67394248,67394249,1684044009427,False,True
54896341,0.21140000,176.00000000,67394250,67394250,1684044016391,False,True
54896342,0.21140000,358.00000000,67394251,67394251,1684044016395,False,True
54896343,0.21140000,181.00000000,67394252,67394253,1684044017684,False,True
54896344,0.21140000,149.00000000,67394254,67394255,1684044017693,False,True
54896345,0.21140000,100.00000000,67394256,67394256,1684044021841,False,True
54896346,0.21140000,100.00000000,67394257,67394257,1684044030472,False,True
54896347,0.21140000,100.00000000,67394258,67394258,1684044030484,False,True
54896348,0.21130000,368.00000000,67394259,67394259,1684044032054,True,True
54896349,0.21140000,100.00000000,67394260,67394260,1684044032061,False,True
54896350,0.21140000,100.00000000,67394261,67394261,1684044032116,False,True
54896351,0.21130000,486.00000000,67394262,67394262,1684044039702,True,True
54896352,0.21140000,100.00000000,67394263,67394263,1684044039707,False,True
54896353,0.21140000,100.00000000,67394264,67394264,1684044039718,False,True
54896354,0.21140000,100.00000000,67394265,67394265,1684044047931,False,True
54896355,0.21140000,100.00000000,67394266,67394266,1684044050365,False,True
54896356,0.21140000,146.00000000,67394267,67394267,1684044072182,True,True
54896357,0.21150000,220.00000000,67394268,67394269,1684044074693,False,True
54896358,0.21150000,100.00000000,67394270,67394270,1684044074702,False,True
54896359,0.21140000,122.00000000,67394271,67394271,1684044084186,True,True
54896360,0.21150000,100.00000000,67394272,67394272,1684044084229,False,True
54896361,0.21150000,100.00000000,67394273,67394273,1684044086582,False,True
54896362,0.21150000,600.00000000,67394274,67394279,1684044086605,False,True
54896363,0.21170000,69.00000000,67394280,67394280,1684044086605,False,True
54896364,0.21160000,1663.00000000,67394281,67394282,1684044116807,True,True
54896365,0.21160000,4799.00000000,67394283,67394284,1684044117637,True,True
54896366,0.21160000,596.00000000,67394285,67394285,1684044122444,False,True
54896367,0.21160000,1020.00000000,67394286,67394287,1684044146408,False,True
54896368,0.21160000,120.00000000,67394288,67394288,1684044169324,True,True
54896369,0.21160000,431.00000000,67394289,67394290,1684044215560,True,True
54896370,0.21150000,405.00000000,67394291,67394292,1684044332497,True,True
54896371,0.21150000,1290.00000000,67394293,67394293,1684044373729,True,True
54896372,0.21140000,1477.00000000,67394294,67394295,1684044417247,True,True
54896373,0.21150000,100.00000000,67394296,67394296,1684044553728,False,True
54896374,0.21150000,596.00000000,67394297,67394302,1684044553731,False,True
54896375,0.21150000,124.00000000,67394303,67394304,1684044553846,False,True
54896376,0.21150000,134.00000000,67394305,67394306,1684044553941,False,True
54896377,0.21150000,100.00000000,67394307,67394307,1684044605423,False,True
54896378,0.21150000,95.00000000,67394308,67394308,1684044605434,False,True
54896379,0.21150000,120.00000000,67394309,67394309,1684044703795,True,True
54896380,0.21130000,355.00000000,67394310,67394311,1684044703795,True,True
54896381,0.21140000,689.00000000,67394312,67394313,1684044763881,True,True
54896382,0.21160000,131.00000000,67394314,67394315,1684044791046,False,True
54896383,0.21150000,94.00000000,67394316,67394316,1684044866670,True,True
54896384,0.21160000,466.00000000,67394317,67394321,1684044894821,False,True
54896385,0.21160000,371.00000000,67394322,67394325,1684044919782,False,True
54896386,0.21160000,143.00000000,67394326,67394328,1684044944127,False,True
54896387,0.21160000,143.00000000,67394329,67394329,1684044944129,False,True
54896388,0.21160000,106.00000000,67394330,67394330,1684044944166,False,True
54896389,0.21160000,135.00000000,67394331,67394331,1684044944169,False,True
54896390,0.21160000,106.00000000,67394332,67394332,1684044944171,False,True
54896391,0.21160000,106.00000000,67394333,67394334,1684044944189,False,True
54896392,0.21160000,106.00000000,67394335,67394336,1684044944213,False,True
54896393,0.21160000,58.00000000,67394337,67394337,1684044944214,False,True
54896394,0.21160000,122.00000000,67394338,67394339,1684044944254,False,True
54896395,0.21160000,122.00000000,67394340,67394340,1684044944273,False,True
54896396,0.21160000,122.00000000,67394341,67394341,1684044944280,False,True
54896397,0.21160000,122.00000000,67394342,67394342,1684044944281,False,True
54896398,0.21160000,122.00000000,67394343,67394343,1684044944282,False,True
54896399,0.21160000,122.00000000,67394344,67394346,1684044944287,False,True
54896400,0.21160000,74.00000000,67394347,67394347,1684044944293,False,True
54896401,0.21170000,48.00000000,67394348,67394348,1684044944293,False,True
54896402,0.21170000,93.00000000,67394349,67394350,1684044944308,False,True
54896403,0.21170000,117.00000000,67394351,67394351,1684044944314,False,True
54896404,0.21170000,117.00000000,67394352,67394352,1684044944323,False,True
54896405,0.21160000,349.00000000,67394353,67394353,1684044944348,True,True
54896406,0.21160000,596.00000000,67394354,67394354,1684044944351,True,True
54896407,0.21160000,413.00000000,67394355,67394356,1684045023496,False,True
54896408,0.21160000,100.00000000,67394357,67394357,1684045023595,False,True
54896409,0.21160000,596.00000000,67394358,67394363,1684045023668,False,True
54896410,0.21160000,199.00000000,67394364,67394366,1684045023673,False,True
54896411,0.21180000,120.00000000,67394367,67394367,1684045029871,True,True
54896412,0.21180000,100.00000000,67394368,67394368,1684045143643,False,True
54896413,0.21180000,100.00000000,67394369,67394369,1684045143750,False,True
54896414,0.21180000,335.00000000,67394370,67394373,1684045143754,False,True
54896415,0.21180000,65.00000000,67394374,67394374,1684045143875,False,True
54896416,0.21180000,100.00000000,67394375,67394375,1684045144030,False,True
54896417,0.21180000,100.00000000,67394376,67394376,1684045144201,False,True
54896418,0.21180000,100.00000000,67394377,67394377,1684045144908,False,True
54896419,0.21180000,94.00000000,67394378,67394378,1684045145103,False,True
54896420,0.21190000,91.00000000,67394379,67394379,1684045147523,False,True
54896421,0.21180000,1043.00000000,67394380,67394382,1684045220442,True,True
54896422,0.21190000,572.00000000,67394383,67394384,1684045226416,False,True
54896423,0.21190000,100.00000000,67394385,67394385,1684045226470,False,True
54896424,0.21190000,100.00000000,67394386,67394386,1684045226512,False,True
54896425,0.21190000,100.00000000,67394387,67394387,1684045226520,False,True
54896426,0.21190000,100.00000000,67394388,67394388,1684045226623,False,True
54896427,0.21190000,397.00000000,67394389,67394392,1684045226626,False,True
54896428,0.21190000,122.00000000,67394393,67394394,1684045226759,False,True
54896429,0.21190000,93.00000000,67394395,67394395,1684045226763,False,True
54896430,0.21200000,518.00000000,67394396,67394396,1684045286846,False,True
54896431,0.21200000,1315.00000000,67394397,67394398,1684045286847,False,True
54896432,0.21200000,275.00000000,67394399,67394399,1684045286857,False,True
54896433,0.21210000,117.00000000,67394400,67394401,1684045323384,False,True
54896434,0.21200000,71.00000000,67394402,67394402,1684045337574,True,True
54896435,0.21200000,51.00000000,67394403,67394404,1684045337589,True,True
54896436,0.21200000,71.00000000,67394405,67394405,1684045337623,True,True
54896437,0.21200000,51.00000000,67394406,67394406,1684045337772,True,True
54896438,0.21210000,517.00000000,67394407,67394407,1684045419657,False,True
54896439,0.21210000,48.00000000,67394408,67394408,1684045421658,True,True
54896440,0.21210000,12305.00000000,67394409,67394420,1684045520765,True,True
54896441,0.21210000,596.00000000,67394421,67394422,1684045520769,True,True
54896442,0.21210000,2398.00000000,67394423,67394425,1684045520770,True,True
54896443,0.21200000,860.00000000,67394426,67394426,1684045580065,False,True
