67392199,0.21160000,596.00000000,126.11360000,1684022406762,True,True
67392200,0.21160000,596.00000000,126.11360000,1684022408144,True,True
67392201,0.21160000,120.00000000,25.39200000,1684022410414,True,True
67392202,0.21160000,1009.00000000,213.50440000,1684022411330,True,True
67392203,0.21160000,120.00000000,25.39200000,1684022415760,True,True
67392204,0.21150000,860.00000000,181.89000000,1684022420139,True,True
67392205,0.21130000,120.00000000,25.35600000,1684022430704,True,True
67392206,0.21120000,120.00000000,25.34400000,1684022478874,True,True
67392207,0.21120000,9.00000000,1.90080000,1684022478874,True,True
67392208,0.21120000,851.00000000,179.73120000,1684022541548,True,True
67392209,0.21120000,192.00000000,40.55040000,1684022541548,True,True
67392210,0.21120000,53.00000000,11.19360000,1684022544158,False,True
67392211,0.21120000,67.00000000,14.15040000,1684022564851,False,True
67392212,0.21120000,119.00000000,25.13280000,1684022564851,False,True
67392213,0.21120000,473.00000000,99.89760000,1684022564851,False,True
67392214,0.21130000,119.00000000,25.14470000,1684022612848,False,True
67392215,0.21130000,56.00000000,11.83280000,1684022612848,False,True
67392216,0.21130000,88.00000000,18.59440000,1684022613371,False,True
67392217,0.21120000,121.00000000,25.55520000,1684022617039,True,True
67392218,0.21120000,952.00000000,201.06240000,1684022617039,True,True
67392219,0.21120000,1215.00000000,256.60800000,1684022617039,True,True
67392220,0.21120000,190.00000000,40.12800000,1684022617169,True,True
67392221,0.21120000,596.00000000,125.87520000,1684022617276,True,True
67392222,0.21120000,161.00000000,34.00320000,1684022617320,True,True
67392223,0.21120000,767.00000000,161.99040000,1684022617320,True,True
67392224,0.21110000,119.00000000,25.12090000,1684022711403,True,True
67392225,0.21110000,209.00000000,44.11990000,1684022711403,True,True
67392226,0.21100000,1078.00000000,227.45800000,1684022711976,True,True
67392227,0.21110000,473.00000000,99.85030000,1684022712571,False,True
67392228,0.21110000,1.00000000,0.21110000,1684022712571,False,True
67392229,0.21100000,877.00000000,185.04700000,1684022727785,True,True
67392230,0.21100000,861.00000000,181.67100000,1684022727785,True,True
67392231,0.21100000,877.00000000,185.04700000,1684022727785,True,True
67392232,0.21100000,971.00000000,204.88100000,1684022727785,True,True
67392233,0.21100000,965.00000000,203.61500000,1684022727785,True,True
67392234,0.21100000,393.00000000,82.92300000,1684022727785,True,True
67392235,0.21100000,483.00000000,101.91300000,1684022727805,True,True
67392236,0.21100000,931.00000000,196.44100000,1684022727805,True,True
67392237,0.21100000,860.00000000,181.46000000,1684022727805,True,True
67392238,0.21100000,872.00000000,183.99200000,1684022727805,True,True
67392239,0.21100000,965.00000000,203.61500000,1684022727805,True,True
67392240,0.21100000,821.00000000,173.23100000,1684022727805,True,True
67392241,0.21100000,947.00000000,199.81700000,1684022727805,True,True
67392242,0.21100000,922.00000000,194.54200000,1684022727805,True,True
67392243,0.21100000,2678.00000000,565.05800000,1684022727805,True,True
67392244,0.21090000,2225.00000000,469.25250000,1684022727805,True,True
67392245,0.21090000,1580.00000000,333.22200000,1684022727805,True,True
67392246,0.21090000,954.00000000,201.19860000,1684022727805,True,True
67392247,0.21100000,121.00000000,25.53100000,1684022727892,False,True
67392248,0.21100000,68.00000000,14.34800000,1684022727892,False,True
67392249,0.21100000,189.00000000,39.87900000,1684022727906,False,True
67392250,0.21090000,262.00000000,55.25580000,1684022752151,True,True
67392251,0.21100000,49.00000000,10.33900000,1684022764182,False,True
67392252,0.21090000,120.00000000,25.30800000,1684022768016,False,True
67392253,0.21080000,433.00000000,91.27640000,1684022774526,True,True
67392254,0.21080000,215.00000000,45.32200000,1684022775196,True,True
67392255,0.21080000,50.00000000,10.54000000,1684022775196,True,True
67392256,0.21080000,71.00000000,14.96680000,1684022775890,True,True
67392257,0.21080000,120.00000000,25.29600000,1684022775890,True,True
67392258,0.21070000,97.00000000,20.43790000,1684022775890,True,True
67392259,0.21070000,824.00000000,173.61680000,1684022775890,True,True
67392260,0.21070000,1165.00000000,245.46550000,1684022775890,True,True
67392261,0.21070000,120.00000000,25.28400000,1684022776035,True,True
67392262,0.21060000,166.00000000,34.95960000,1684022776035,True,True
67392263,0.21060000,286.00000000,60.23160000,1684022776035,True,True
67392264,0.21060000,286.00000000,60.23160000,1684022776036,True,True
67392265,0.21070000,949.00000000,199.95430000,1684022776041,False,True
67392266,0.21060000,121.00000000,25.48260000,1684022777215,False,True
67392267,0.21060000,240.00000000,50.54400000,1684022778116,False,True
67392268,0.21070000,474.00000000,99.87180000,1684022781214,False,True
67392269,0.21070000,500.00000000,105.35000000,1684022781214,False,True
67392270,0.21070000,482.00000000,101.55740000,1684022781214,False,True
67392271,0.21070000,121.00000000,25.49470000,1684022781233,False,True
67392272,0.21080000,739.00000000,155.78120000,1684022781462,False,True
67392273,0.21080000,926.00000000,195.20080000,1684022781466,False,True
67392274,0.21090000,240.00000000,50.61600000,1684022826415,False,True
67392275,0.21100000,121.00000000,25.53100000,1684022843446,True,True
67392276,0.21100000,121.00000000,25.53100000,1684022904786,False,True
67392277,0.21100000,121.00000000,25.53100000,1684022947279,True,True
67392278,0.21100000,431.00000000,90.94100000,1684022947309,True,True
67392279,0.21090000,121.00000000,25.51890000,1684022948369,True,True
67392280,0.21090000,121.00000000,25.51890000,1684022986904,False,True
67392281,0.21080000,121.00000000,25.50680000,1684023033389,True,True
67392282,0.21070000,73.00000000,15.38110000,1684023041707,False,True
67392283,0.21070000,48.00000000,10.11360000,1684023103668,False,True
67392284,0.21070000,240.00000000,50.56800000,1684023103668,False,True
67392285,0.21090000,121.00000000,25.51890000,1684023105966,False,True
67392286,0.21090000,860.00000000,181.37400000,1684023105966,False,True
67392287,0.21090000,487.00000000,102.70830000,1684023105966,False,True
67392288,0.21090000,337.00000000,71.07330000,1684023105967,False,True
67392289,0.21090000,180.00000000,37.96200000,1684023105967,False,True
67392290,0.21090000,298.00000000,62.84820000,1684023105967,False,True
67392291,0.21090000,750.00000000,158.17500000,1684023105968,False,True
67392292,0.21090000,468.00000000,98.70120000,1684023105968,False,True
67392293,0.21090000,448.00000000,94.48320000,1684023105971,False,True
67392294,0.21100000,121.00000000,25.53100000,1684023106137,False,True
67392295,0.21100000,500.00000000,105.50000000,1684023106137,False,True
67392296,0.21100000,860.00000000,181.46000000,1684023106137,False,True
67392297,0.21100000,1015.00000000,214.16500000,1684023106137,False,True
67392298,0.21100000,988.00000000,208.46800000,1684023106138,False,True
67392299,0.21100000,196.00000000,41.35600000,1684023106277,False,True
67392300,0.21100000,196.00000000,41.35600000,1684023106280,False,True
67392301,0.21100000,196.00000000,41.35600000,1684023106288,False,True
67392302,0.21100000,196.00000000,41.35600000,1684023106292,False,True
67392303,0.21100000,196.00000000,41.35600000,1684023106318,False,True
67392304,0.21100000,172.00000000,36.29200000,1684023106774,False,True
67392305,0.21100000,424.00000000,89.46400000,1684023112529,False,True
67392306,0.21110000,84.00000000,17.73240000,1684023112555,False,True
67392307,0.21110000,84.00000000,17.73240000,1684023112574,False,True
67392308,0.21110000,84.00000000,17.73240000,1684023112574,False,True
67392309,0.21100000,121.00000000,25.53100000,1684023112581,True,True
67392310,0.21100000,242.00000000,51.06200000,1684023112581,True,True
67392311,0.21110000,84.00000000,17.73240000,1684023112581,False,True
67392312,0.21110000,84.00000000,17.73240000,1684023112598,False,True
67392313,0.21110000,84.00000000,17.73240000,1684023112604,False,True
67392314,0.21110000,42.00000000,8.86620000,1684023112605,False,True
67392315,0.21110000,42.00000000,8.86620000,1684023112605,False,True
67392316,0.21120000,84.00000000,17.74080000,1684023113220,False,True
67392317,0.21120000,35.00000000,7.39200000,1684023113242,False,True
67392318,0.21120000,49.00000000,10.34880000,1684023113242,False,True
67392319,0.21110000,121.00000000,25.54310000,1684023116519,True,True
67392320,0.21110000,119.00000000,25.12090000,1684023128672,False,True
67392321,0.21110000,221.00000000,46.65310000,1684023128672,False,True
67392322,0.21110000,375.00000000,79.16250000,1684023128673,False,True
67392323,0.21120000,331.00000000,69.90720000,1684023128792,False,True
67392324,0.21120000,103.00000000,21.75360000,1684023130013,False,True
67392325,0.21120000,103.00000000,21.75360000,1684023130024,False,True
67392326,0.21120000,103.00000000,21.75360000,1684023130024,False,True
67392327,0.21120000,103.00000000,21.75360000,1684023130041,False,True
67392328,0.21120000,596.00000000,125.87520000,1684023130042,False,True
67392329,0.21120000,103.00000000,21.75360000,1684023130045,False,True
67392330,0.21140000,119.00000000,25.15660000,1684023135240,False,True
67392331,0.21140000,130.00000000,27.48200000,1684023135240,False,True
67392332,0.21140000,249.00000000,52.63860000,1684023135255,False,True
67392333,0.21140000,120.00000000,25.36800000,1684023138446,True,True
67392334,0.21130000,121.00000000,25.56730000,1684023151634,True,True
67392335,0.21120000,121.00000000,25.55520000,1684023182660,True,True
67392336,0.21100000,474.00000000,100.01400000,1684023233586,True,True
67392337,0.21100000,860.00000000,181.46000000,1684023233586,True,True
67392338,0.21100000,877.00000000,185.04700000,1684023233586,True,True
67392339,0.21100000,965.00000000,203.61500000,1684023233586,True,True
67392340,0.21100000,872.00000000,183.99200000,1684023233586,True,True
67392341,0.21100000,860.00000000,181.46000000,1684023233586,True,True
67392342,0.21100000,965.00000000,203.61500000,1684023233586,True,True
67392343,0.21100000,861.00000000,181.67100000,1684023233586,True,True
67392344,0.21100000,877.00000000,185.04700000,1684023233586,True,True
67392345,0.21100000,922.00000000,194.54200000,1684023233586,True,True
67392346,0.21100000,876.00000000,184.83600000,1684023233586,True,True
67392347,0.21100000,931.00000000,196.44100000,1684023233586,True,True
67392348,0.21100000,971.00000000,204.88100000,1684023233586,True,True
67392349,0.21100000,947.00000000,199.81700000,1684023233586,True,True
67392350,0.21100000,952.00000000,200.87200000,1684023233586,True,True
67392351,0.21100000,240.00000000,50.64000000,1684023233586,True,True
67392352,0.21090000,3282.00000000,692.17380000,1684023233586,True,True
67392353,0.21090000,1184.00000000,249.70560000,1684023233586,True,True
67392354,0.21090000,860.00000000,181.37400000,1684023233586,True,True
67392355,0.21080000,120.00000000,25.29600000,1684023233586,True,True
67392356,0.21080000,1298.00000000,273.61840000,1684023233586,True,True
67392357,0.21080000,1552.00000000,327.16160000,1684023233586,True,True
67392358,0.21080000,4741.00000000,999.40280000,1684023233586,True,True
67392359,0.21080000,711.00000000,149.87880000,1684023233586,True,True
67392360,0.21080000,4002.00000000,843.62160000,1684023233586,True,True
67392361,0.21100000,172.00000000,36.29200000,1684023235116,False,True
67392362,0.21100000,196.00000000,41.35600000,1684023235120,False,True
67392363,0.21100000,172.00000000,36.29200000,1684023235121,False,True
67392364,0.21100000,196.00000000,41.35600000,1684023235123,False,True
67392365,0.21100000,124.00000000,26.16400000,1684023235128,False,True
67392366,0.21100000,72.00000000,15.19200000,1684023235128,False,True
67392367,0.21100000,49.00000000,10.33900000,1684023235130,False,True
67392368,0.21110000,120.00000000,25.33200000,1684023235130,False,True
67392369,0.21110000,3.00000000,0.63330000,1684023235130,False,True
67392370,0.21110000,172.00000000,36.30920000,1684023235155,False,True
67392371,0.21110000,172.00000000,36.30920000,1684023235157,False,True
67392372,0.21110000,172.00000000,36.30920000,1684023235163,False,True
67392373,0.21100000,957.00000000,201.92700000,1684023323537,True,True
67392374,0.21100000,302.00000000,63.72200000,1684023323537,True,True
67392375,0.21090000,474.00000000,99.96660000,1684023348985,True,True
67392376,0.21090000,877.00000000,184.95930000,1684023348985,True,True
67392377,0.21090000,876.00000000,184.74840000,1684023348985,True,True
67392378,0.21090000,872.00000000,183.90480000,1684023348985,True,True
67392379,0.21090000,860.00000000,181.37400000,1684023348985,True,True
67392380,0.21090000,861.00000000,181.58490000,1684023348985,True,True
67392381,0.21090000,965.00000000,203.51850000,1684023348985,True,True
67392382,0.21090000,677.00000000,142.77930000,1684023348985,True,True
67392383,0.21090000,270.00000000,56.94300000,1684023349111,True,True
67392384,0.21080000,971.00000000,204.68680000,1684023420964,True,True
67392385,0.21080000,877.00000000,184.87160000,1684023420964,True,True
67392386,0.21080000,922.00000000,194.35760000,1684023420964,True,True
67392387,0.21080000,931.00000000,196.25480000,1684023420964,True,True
67392388,0.21080000,877.00000000,184.87160000,1684023420964,True,True
67392389,0.21080000,94.00000000,19.81520000,1684023453434,False,True
67392390,0.21070000,120.00000000,25.28400000,1684023455969,True,True
67392391,0.21070000,1123.00000000,236.61610000,1684023526426,False,True
67392392,0.21070000,120.00000000,25.28400000,1684023564933,False,True
67392393,0.21070000,29.00000000,6.11030000,1684023564933,False,True
67392394,0.21060000,160.00000000,33.69600000,1684023570547,True,True
67392395,0.21060000,1123.00000000,236.50380000,1684023620542,True,True
67392396,0.21060000,288.00000000,60.65280000,1684023635051,False,True
67392397,0.21060000,121.00000000,25.48260000,1684023663661,True,True
67392398,0.21050000,94.00000000,19.78700000,1684023666271,False,True
67392399,0.21050000,26.00000000,5.47300000,1684023667240,False,True
67392400,0.21050000,240.00000000,50.52000000,1684023667240,False,True
67392401,0.21060000,120.00000000,25.27200000,1684023667240,False,True
67392402,0.21060000,10.00000000,2.10600000,1684023667240,False,True
67392403,0.21040000,188.00000000,39.55520000,1684023672732,True,True
67392404,0.21040000,122.00000000,25.66880000,1684023800272,True,True
67392405,0.21050000,1578.00000000,332.16900000,1684023840537,False,True
67392406,0.21060000,948.00000000,199.64880000,1684023841278,False,True
67392407,0.21050000,121.00000000,25.47050000,1684023882740,True,True
67392408,0.21070000,328.00000000,69.10960000,1684023987513,False,True
67392409,0.21070000,1820.00000000,383.47400000,1684023987538,False,True
67392410,0.21070000,706.00000000,148.75420000,1684023987542,False,True
67392411,0.21070000,1848.00000000,389.37360000,1684023987542,False,True
67392412,0.21070000,42.00000000,8.84940000,1684023987543,False,True
67392413,0.21070000,596.00000000,125.57720000,1684023987555,True,True
67392414,0.21080000,26.00000000,5.48080000,1684023990352,False,True
67392415,0.21080000,596.00000000,125.63680000,1684024003260,True,True
67392416,0.21090000,53.00000000,11.17770000,1684024027371,False,True
67392417,0.21090000,67.00000000,14.13030000,1684024135730,False,True
67392418,0.21090000,610.00000000,128.64900000,1684024135730,False,True
67392419,0.21090000,708.00000000,149.31720000,1684024135736,False,True
67392420,0.21090000,554.00000000,116.83860000,1684024135738,False,True
67392421,0.21090000,525.00000000,110.72250000,1684024135740,False,True
67392422,0.21090000,389.00000000,82.04010000,1684024135740,False,True
67392423,0.21090000,121.00000000,25.51890000,1684024135753,True,True
67392424,0.21100000,435.00000000,91.78500000,1684024135790,False,True
67392425,0.21100000,161.00000000,33.97100000,1684024135803,False,True
67392426,0.21100000,274.00000000,57.81400000,1684024135803,False,True
67392427,0.21100000,435.00000000,91.78500000,1684024135808,False,True
67392428,0.21100000,151.00000000,31.86100000,1684024135810,False,True
67392429,0.21100000,284.00000000,59.92400000,1684024135810,False,True
67392430,0.21090000,860.00000000,181.37400000,1684024160997,True,True
67392431,0.21090000,500.00000000,105.45000000,1684024329344,False,True
67392432,0.21090000,191.00000000,40.28190000,1684024329344,False,True
67392433,0.21090000,659.00000000,138.98310000,1684024329350,False,True
67392434,0.21100000,121.00000000,25.53100000,1684024335286,True,True
67392435,0.21100000,596.00000000,125.75600000,1684024338447,True,True
67392436,0.21100000,240.00000000,50.64000000,1684024338447,True,True
67392437,0.21100000,121.00000000,25.53100000,1684024375273,True,True
67392438,0.21100000,240.00000000,50.64000000,1684024375273,True,True
67392439,0.21110000,119.00000000,25.12090000,1684024424082,True,True
67392440,0.21110000,1465.00000000,309.26150000,1684024424082,True,True
67392441,0.21110000,240.00000000,50.66400000,1684024424082,True,True
67392442,0.21110000,317.00000000,66.91870000,1684024464231,False,True
67392443,0.21110000,293.00000000,61.85230000,1684024464234,False,True
67392444,0.21110000,733.00000000,154.73630000,1684024464238,False,True
67392445,0.21110000,122.00000000,25.75420000,1684024464238,False,True
67392446,0.21120000,120.00000000,25.34400000,1684024464238,False,True
67392447,0.21120000,75.00000000,15.84000000,1684024464238,False,True
67392448,0.21120000,293.00000000,61.88160000,1684024464239,False,True
67392449,0.21120000,293.00000000,61.88160000,1684024464239,False,True
67392450,0.21120000,293.00000000,61.88160000,1684024464242,False,True
67392451,0.21120000,293.00000000,61.88160000,1684024464267,False,True
67392452,0.21120000,293.00000000,61.88160000,1684024464273,False,True
67392453,0.21120000,10.00000000,2.11200000,1684024464274,False,True
67392454,0.21120000,283.00000000,59.76960000,1684024464274,False,True
67392455,0.21110000,119.00000000,25.12090000,1684024472991,True,True
67392456,0.21100000,94.00000000,19.83400000,1684024495541,True,True
67392457,0.21100000,26.00000000,5.48600000,1684024495900,True,True
67392458,0.21100000,306.00000000,64.56600000,1684024495900,True,True
67392459,0.21100000,659.00000000,139.04900000,1684024495904,True,True
67392460,0.21100000,947.00000000,199.81700000,1684024495904,True,True
67392461,0.21100000,860.00000000,181.46000000,1684024495904,True,True
67392462,0.21100000,922.00000000,194.54200000,1684024495904,True,True
67392463,0.21100000,240.00000000,50.64000000,1684024495904,True,True
67392464,0.21080000,1081.00000000,227.87480000,1684024537250,True,True
67392465,0.21080000,110.00000000,23.18800000,1684024537250,True,True
67392466,0.21080000,750.00000000,158.10000000,1684024537283,True,True
67392467,0.21080000,861.00000000,181.49880000,1684024537283,True,True
67392468,0.21080000,965.00000000,203.42200000,1684024537283,True,True
67392469,0.21080000,952.00000000,200.68160000,1684024537283,True,True
67392470,0.21080000,316.00000000,66.61280000,1684024537283,True,True
67392471,0.21080000,556.00000000,117.20480000,1684024537301,True,True
67392472,0.21080000,40.00000000,8.43200000,1684024537301,True,True
67392473,0.21070000,831.00000000,175.09170000,1684024539966,True,True
67392474,0.21060000,121.00000000,25.48260000,1684024581888,False,True
67392475,0.21060000,876.00000000,184.48560000,1684024690208,True,True
67392476,0.21060000,294.00000000,61.91640000,1684024690208,True,True
67392477,0.21040000,94.00000000,19.77760000,1684024796035,True,True
67392478,0.21040000,94.00000000,19.77760000,1684024796446,True,True
67392479,0.21040000,94.00000000,19.77760000,1684024797076,True,True
67392480,0.21040000,121.00000000,25.45840000,1684024816640,False,True
67392481,0.21040000,240.00000000,50.49600000,1684024816640,False,True
67392482,0.21050000,121.00000000,25.47050000,1684024816640,False,True
67392483,0.21050000,105.00000000,22.10250000,1684024816640,False,True
67392484,0.21020000,94.00000000,19.75880000,1684024821963,True,True
67392485,0.21010000,4755.00000000,999.02550000,1684024903607,True,True
67392486,0.21010000,872.00000000,183.20720000,1684024903607,True,True
67392487,0.21010000,860.00000000,180.68600000,1684024903607,True,True
67392488,0.21010000,861.00000000,180.89610000,1684024903607,True,True
67392489,0.21010000,877.00000000,184.25770000,1684024903607,True,True
67392490,0.21010000,965.00000000,202.74650000,1684024903607,True,True
67392491,0.21010000,952.00000000,200.01520000,1684024903607,True,True
67392492,0.21010000,971.00000000,204.00710000,1684024903607,True,True
67392493,0.21010000,877.00000000,184.25770000,1684024903607,True,True
67392494,0.21010000,922.00000000,193.71220000,1684024903607,True,True
67392495,0.21010000,931.00000000,195.60310000,1684024903607,True,True
67392496,0.21010000,965.00000000,202.74650000,1684024903607,True,True
67392497,0.21010000,947.00000000,198.96470000,1684024903607,True,True
67392498,0.21000000,53.00000000,11.13000000,1684024904791,True,True
67392499,0.21000000,121.00000000,25.41000000,1684024904791,True,True
67392500,0.21000000,154.00000000,32.34000000,1684024904791,True,True
67392501,0.21000000,596.00000000,125.16000000,1684024905452,True,True
67392502,0.21000000,532.00000000,111.72000000,1684024905476,True,True
67392503,0.21000000,300.00000000,63.00000000,1684024905485,True,True
67392504,0.20990000,649.00000000,136.22510000,1684024910543,True,True
67392505,0.20990000,1.00000000,0.20990000,1684024911143,True,True
67392506,0.20990000,120.00000000,25.18800000,1684024911143,True,True
67392507,0.20980000,56.00000000,11.74880000,1684024911143,True,True
67392508,0.20980000,120.00000000,25.17600000,1684024911143,True,True
67392509,0.20970000,326.00000000,68.36220000,1684024911143,True,True
67392510,0.20970000,469.00000000,98.34930000,1684024911145,True,True
67392511,0.20970000,402.00000000,84.29940000,1684024911145,True,True
67392512,0.20970000,67.00000000,14.04990000,1684024911145,True,True
67392513,0.20970000,64.00000000,13.42080000,1684024911151,True,True
67392514,0.20970000,1243.00000000,260.65710000,1684024911156,True,True
67392515,0.20970000,831.00000000,174.26070000,1684024911156,True,True
67392516,0.20970000,983.00000000,206.13510000,1684024911156,True,True
67392517,0.20970000,2045.00000000,428.83650000,1684024911156,True,True
67392518,0.20970000,1012.00000000,212.21640000,1684024911156,True,True
67392519,0.20980000,121.00000000,25.38580000,1684024911160,False,True
67392520,0.20980000,75.00000000,15.73500000,1684024912361,False,True
67392521,0.20980000,48.00000000,10.07040000,1684024913094,False,True
67392522,0.20970000,524.00000000,109.88280000,1684024915611,True,True
67392523,0.20980000,737.00000000,154.62260000,1684024916878,False,True
67392524,0.20980000,746.00000000,156.51080000,1684024916878,False,True
67392525,0.20970000,287.00000000,60.18390000,1684024918787,True,True
67392526,0.20970000,76.00000000,15.93720000,1684024918799,True,True
67392527,0.20970000,287.00000000,60.18390000,1684024919374,True,True
67392528,0.20960000,98.00000000,20.54080000,1684024921247,True,True
67392529,0.20960000,120.00000000,25.15200000,1684024921247,True,True
67392530,0.20960000,219.00000000,45.90240000,1684024921247,True,True
67392531,0.20960000,738.00000000,154.68480000,1684024921251,True,True
67392532,0.20960000,474.00000000,99.35040000,1684024921252,True,True
67392533,0.20950000,64.00000000,13.40800000,1684024921884,True,True
67392534,0.20950000,1129.00000000,236.52550000,1684024922737,True,True
67392535,0.20950000,121.00000000,25.34950000,1684024922784,False,True
67392536,0.20950000,860.00000000,180.17000000,1684024922784,False,True
67392537,0.20960000,121.00000000,25.36160000,1684024922784,False,True
67392538,0.20960000,860.00000000,180.25600000,1684024922784,False,True
67392539,0.20960000,474.00000000,99.35040000,1684024922784,False,True
67392540,0.20960000,16.00000000,3.35360000,1684024922784,False,True
67392541,0.20940000,100.00000000,20.94000000,1684024923432,True,True
67392542,0.20950000,71.00000000,14.87450000,1684024923523,False,True
67392543,0.20950000,50.00000000,10.47500000,1684024923532,False,True
67392544,0.20950000,18.00000000,3.77100000,1684024923532,False,True
67392545,0.20950000,51.00000000,10.68450000,1684024923544,False,True
67392546,0.20950000,51.00000000,10.68450000,1684024923546,False,True
67392547,0.20940000,918.00000000,192.22920000,1684024923614,True,True
67392548,0.20940000,838.00000000,175.47720000,1684024923614,True,True
67392549,0.20940000,57.00000000,11.93580000,1684024923636,False,True
67392550,0.20940000,51.00000000,10.67940000,1684024923641,False,True
67392551,0.20930000,419.00000000,87.69670000,1684024924222,True,True
67392552,0.20930000,860.00000000,179.99800000,1684024924222,True,True
67392553,0.20930000,121.00000000,25.32530000,1684024924955,True,True
67392554,0.20930000,118.00000000,24.69740000,1684024924998,False,True
67392555,0.20920000,464.00000000,97.06880000,1684024927263,True,True
67392556,0.20920000,123.00000000,25.73160000,1684024928933,True,True
67392557,0.20920000,378.00000000,79.07760000,1684024929488,True,True
67392558,0.20910000,1434.00000000,299.84940000,1684024930087,True,True
67392559,0.20910000,2.00000000,0.41820000,1684024930087,True,True
67392560,0.20910000,476.00000000,99.53160000,1684024930179,True,True
67392561,0.20910000,877.00000000,183.38070000,1684024930179,True,True
67392562,0.20910000,170.00000000,35.54700000,1684024930179,True,True
67392563,0.20910000,690.00000000,144.27900000,1684024932174,True,True
67392564,0.20910000,71.00000000,14.84610000,1684024932371,False,True
67392565,0.20900000,57.00000000,11.91300000,1684024932727,True,True
67392566,0.20900000,983.00000000,205.44700000,1684024932727,True,True
67392567,0.20910000,50.00000000,10.45500000,1684024932789,False,True
67392568,0.20910000,460.00000000,96.18600000,1684024932789,False,True
67392569,0.20910000,994.00000000,207.84540000,1684024932789,False,True
67392570,0.20910000,2006.00000000,419.45460000,1684024932790,False,True
67392571,0.20910000,500.00000000,104.55000000,1684024932790,False,True
67392572,0.20910000,508.00000000,106.22280000,1684024932790,False,True
67392573,0.20910000,369.00000000,77.15790000,1684024932794,False,True
67392574,0.20910000,369.00000000,77.15790000,1684024932795,False,True
67392575,0.20910000,109.00000000,22.79190000,1684024933071,False,True
67392576,0.20920000,478.00000000,99.99760000,1684024933071,False,True
67392577,0.20920000,876.00000000,183.25920000,1684024933071,False,True
67392578,0.20920000,257.00000000,53.76440000,1684024933071,False,True
67392579,0.20920000,400.00000000,83.68000000,1684024933080,False,True
67392580,0.20920000,308.00000000,64.43360000,1684024933081,False,True
67392581,0.20920000,119.00000000,24.89480000,1684024933081,False,True
67392582,0.20920000,789.00000000,165.05880000,1684024933086,False,True
67392583,0.20920000,63.00000000,13.17960000,1684024933087,False,True
67392584,0.20920000,208.00000000,43.51360000,1684024933087,False,True
67392585,0.20920000,321.00000000,67.15320000,1684024933091,False,True
67392586,0.20920000,295.00000000,61.71400000,1684024933094,False,True
67392587,0.20920000,51.00000000,10.66920000,1684024933094,False,True
67392588,0.20920000,315.00000000,65.89800000,1684024933094,False,True
67392589,0.20920000,510.00000000,106.69200000,1684024933118,False,True
67392590,0.20920000,852.00000000,178.23840000,1684024933118,False,True
67392591,0.20920000,663.00000000,138.69960000,1684024933118,False,True
67392592,0.20920000,223.00000000,46.65160000,1684024933137,False,True
67392593,0.20920000,356.00000000,74.47520000,1684024933137,False,True
67392594,0.20910000,122.00000000,25.51020000,1684024933567,True,True
67392595,0.20910000,122.00000000,25.51020000,1684024933667,True,True
67392596,0.20910000,121.00000000,25.30110000,1684024933830,True,True
67392597,0.20920000,490.00000000,102.50800000,1684024934743,False,True
67392598,0.20920000,959.00000000,200.62280000,1684024934743,False,True
67392599,0.20920000,877.00000000,183.46840000,1684024934743,False,True
67392600,0.20930000,3.00000000,0.62790000,1684024934743,False,True
67392601,0.20930000,831.00000000,173.92830000,1684024934743,False,True
67392602,0.20940000,13.00000000,2.72220000,1684024934743,False,True
67392603,0.20940000,120.00000000,25.12800000,1684024934743,False,True
67392604,0.20940000,65.00000000,13.61100000,1684024934743,False,True
67392605,0.20910000,122.00000000,25.51020000,1684024934768,True,True
67392606,0.20910000,872.00000000,182.33520000,1684024935569,True,True
67392607,0.20900000,6163.00000000,1288.06700000,1684024935656,True,True
67392608,0.20900000,860.00000000,179.74000000,1684024936059,False,True
67392609,0.20900000,860.00000000,179.74000000,1684024936083,False,True
67392610,0.20910000,122.00000000,25.51020000,1684024937090,False,True
67392611,0.20910000,500.00000000,104.55000000,1684024937090,False,True
67392612,0.20920000,121.00000000,25.31320000,1684024937158,True,True
67392613,0.20910000,57.00000000,11.91870000,1684024937158,True,True
67392614,0.20930000,860.00000000,179.99800000,1684024938712,True,True
67392615,0.20930000,200.00000000,41.86000000,1684024938712,True,True
67392616,0.20930000,200.00000000,41.86000000,1684024938712,True,True
67392617,0.20920000,860.00000000,179.91200000,1684024938748,True,True
67392618,0.20920000,341.00000000,71.33720000,1684024938748,True,True
67392619,0.20910000,64.00000000,13.38240000,1684024938748,True,True
67392620,0.20910000,988.00000000,206.59080000,1684024938748,True,True
67392621,0.20910000,860.00000000,179.82600000,1684024938748,True,True
67392622,0.20910000,107.00000000,22.37370000,1684024938748,True,True
67392623,0.20910000,240.00000000,50.18400000,1684024941613,False,True
67392624,0.20910000,500.00000000,104.55000000,1684024941613,False,True
67392625,0.20920000,342.00000000,71.54640000,1684024941618,False,True
67392626,0.20920000,518.00000000,108.36560000,1684024941619,False,True
67392627,0.20920000,121.00000000,25.31320000,1684024941904,False,True
67392628,0.20930000,107.00000000,22.39510000,1684024941904,False,True
67392629,0.20940000,164.00000000,34.34160000,1684024941904,False,True
67392630,0.20940000,57.00000000,11.93580000,1684024944420,False,True
67392631,0.20930000,71.00000000,14.86030000,1684024944765,False,True
67392632,0.20930000,50.00000000,10.46500000,1684024947309,False,True
67392633,0.20930000,21.00000000,4.39530000,1684024947309,False,True
67392634,0.20930000,66.00000000,13.81380000,1684024947309,False,True
67392635,0.20930000,33.00000000,6.90690000,1684024947312,False,True
67392636,0.20930000,38.00000000,7.95340000,1684024947312,False,True
67392637,0.20930000,95.00000000,19.88350000,1684024947312,False,True
67392638,0.20930000,71.00000000,14.86030000,1684024947313,False,True
67392639,0.20930000,36.00000000,7.53480000,1684024947316,False,True
67392640,0.20930000,35.00000000,7.32550000,1684024947316,False,True
67392641,0.20930000,57.00000000,11.93010000,1684024947317,False,True
67392642,0.20930000,28.00000000,5.86040000,1684024947318,False,True
67392643,0.20940000,43.00000000,9.00420000,1684024947318,False,True
67392644,0.20940000,22.00000000,4.60680000,1684024947320,False,True
67392645,0.20940000,46.00000000,9.63240000,1684024947320,False,True
67392646,0.20940000,71.00000000,14.86740000,1684024947325,False,True
67392647,0.20940000,167.00000000,34.96980000,1684024947337,False,True
67392648,0.20940000,71.00000000,14.86740000,1684024947357,False,True
67392649,0.20940000,57.00000000,11.93580000,1684024947403,False,True
67392650,0.20940000,57.00000000,11.93580000,1684024947455,False,True
67392651,0.20950000,68.00000000,14.24600000,1684024947726,False,True
67392652,0.20950000,71.00000000,14.87450000,1684024947734,False,True
67392653,0.20950000,51.00000000,10.68450000,1684024947741,False,True
67392654,0.20950000,71.00000000,14.87450000,1684024947920,False,True
67392655,0.20950000,27.00000000,5.65650000,1684024947922,False,True
67392656,0.20950000,24.00000000,5.02800000,1684024947922,False,True
67392657,0.20940000,122.00000000,25.54680000,1684024949364,True,True
67392658,0.20940000,860.00000000,180.08400000,1684024949364,True,True
67392659,0.20940000,860.00000000,180.08400000,1684024949378,True,True
67392660,0.20930000,860.00000000,179.99800000,1684024982986,True,True
67392661,0.20930000,61.00000000,12.76730000,1684024982986,True,True
67392662,0.20930000,473.00000000,98.99890000,1684024984091,True,True
67392663,0.20920000,121.00000000,25.31320000,1684024984197,True,True
67392664,0.20910000,122.00000000,25.51020000,1684024984197,True,True
67392665,0.20910000,175.00000000,36.59250000,1684024984197,True,True
67392666,0.20910000,469.00000000,98.06790000,1684024984198,True,True
67392667,0.20920000,121.00000000,25.31320000,1684024984985,False,True
67392668,0.20920000,240.00000000,50.20800000,1684024984985,False,True
67392669,0.20940000,120.00000000,25.12800000,1684024994120,False,True
67392670,0.20940000,860.00000000,180.08400000,1684024994120,False,True
67392671,0.20950000,142.00000000,29.74900000,1684025001340,False,True
67392672,0.20950000,1401.00000000,293.50950000,1684025022220,False,True
67392673,0.20950000,159.00000000,33.31050000,1684025022220,False,True
67392674,0.20950000,341.00000000,71.43950000,1684025022224,False,True
67392675,0.20950000,161.00000000,33.72950000,1684025022224,False,True
67392676,0.20950000,79.00000000,16.55050000,1684025022226,False,True
67392677,0.20950000,478.00000000,100.14100000,1684025022226,False,True
67392678,0.20950000,382.00000000,80.02900000,1684025022229,False,True
67392679,0.20960000,121.00000000,25.36160000,1684025044379,False,True
67392680,0.20960000,475.00000000,99.56000000,1684025044379,False,True
67392681,0.20960000,293.00000000,61.41280000,1684025044406,False,True
67392682,0.20960000,39.00000000,8.17440000,1684025044406,False,True
67392683,0.20960000,328.00000000,68.74880000,1684025044407,False,True
67392684,0.20960000,156.00000000,32.69760000,1684025044410,False,True
67392685,0.20960000,240.00000000,50.30400000,1684025044410,False,True
67392686,0.20970000,143.00000000,29.98710000,1684025052109,False,True
67392687,0.20970000,98.00000000,20.55060000,1684025055722,False,True
67392688,0.20970000,149.00000000,31.24530000,1684025055722,False,True
67392689,0.20970000,240.00000000,50.32800000,1684025055722,False,True
67392690,0.20990000,50.00000000,10.49500000,1684025058535,False,True
67392691,0.20990000,50.00000000,10.49500000,1684025058536,False,True
67392692,0.20990000,21.00000000,4.40790000,1684025058549,False,True
67392693,0.20990000,29.00000000,6.08710000,1684025058549,False,True
67392694,0.20990000,57.00000000,11.96430000,1684025058552,False,True
67392695,0.20990000,50.00000000,10.49500000,1684025058553,False,True
67392696,0.20990000,57.00000000,11.96430000,1684025058553,False,True
67392697,0.20990000,50.00000000,10.49500000,1684025058554,False,True
67392698,0.20990000,50.00000000,10.49500000,1684025058556,False,True
67392699,0.20990000,52.00000000,10.91480000,1684025058570,False,True
67392700,0.20990000,50.00000000,10.49500000,1684025058571,False,True
67392701,0.20990000,50.00000000,10.49500000,1684025058574,False,True
67392702,0.20990000,71.00000000,14.90290000,1684025058634,False,True
67392703,0.20990000,57.00000000,11.96430000,1684025058665,False,True
67392704,0.20990000,57.00000000,11.96430000,1684025058677,False,True
67392705,0.20990000,50.00000000,10.49500000,1684025058796,False,True
67392706,0.20990000,57.00000000,11.96430000,1684025058805,False,True
67392707,0.20970000,121.00000000,25.37370000,1684025094723,True,True
67392708,0.20960000,121.00000000,25.36160000,1684025119725,True,True
67392709,0.20960000,860.00000000,180.25600000,1684025119725,True,True
67392710,0.20950000,121.00000000,25.34950000,1684025135824,True,True
67392711,0.20940000,121.00000000,25.33740000,1684025137348,True,True
67392712,0.20940000,300.00000000,62.82000000,1684025137348,True,True
67392713,0.20940000,177.00000000,37.06380000,1684025137468,True,True
67392714,0.20930000,122.00000000,25.53460000,1684025147431,True,True
67392715,0.20930000,1643.00000000,343.87990000,1684025147431,True,True
67392716,0.20930000,1124.00000000,235.25320000,1684025147431,True,True
67392717,0.20930000,111.00000000,23.23230000,1684025147431,True,True
67392718,0.20920000,121.00000000,25.31320000,1684025152503,False,True
67392719,0.20920000,301.00000000,62.96920000,1684025152503,False,True
67392720,0.20920000,82.00000000,17.15440000,1684025156319,False,True
67392721,0.20920000,240.00000000,50.20800000,1684025156319,False,True
67392722,0.20920000,82.00000000,17.15440000,1684025156319,False,True
67392723,0.20920000,121.00000000,25.31320000,1684025157212,True,True
67392724,0.20920000,200.00000000,41.84000000,1684025157212,True,True
67392725,0.20920000,52.00000000,10.87840000,1684025157923,False,True
67392726,0.20920000,109.00000000,22.80280000,1684025164941,False,True
67392727,0.20920000,13.00000000,2.71960000,1684025164946,False,True
67392728,0.20930000,121.00000000,25.32530000,1684025170931,False,True
67392729,0.20930000,500.00000000,104.65000000,1684025170931,False,True
67392730,0.20930000,240.00000000,50.23200000,1684025170931,False,True
67392731,0.20930000,120.00000000,25.11600000,1684025175935,True,True
67392732,0.20920000,121.00000000,25.31320000,1684025180588,False,True
67392733,0.20930000,240.00000000,50.23200000,1684025237440,False,True
67392734,0.20940000,121.00000000,25.33740000,1684025287143,False,True
67392735,0.20940000,240.00000000,50.25600000,1684025287143,False,True
67392736,0.20950000,120.00000000,25.14000000,1684025294627,False,True
67392737,0.20960000,860.00000000,180.25600000,1684025294641,False,True
67392738,0.20960000,354.00000000,74.19840000,1684025294641,False,True
67392739,0.20960000,596.00000000,124.92160000,1684025294884,False,True
67392740,0.20960000,500.00000000,104.80000000,1684025294884,False,True
67392741,0.20960000,121.00000000,25.36160000,1684025296684,True,True
67392742,0.20950000,121.00000000,25.34950000,1684025299665,True,True
67392743,0.20950000,54.00000000,11.31300000,1684025361546,False,True
67392744,0.20940000,121.00000000,25.33740000,1684025421500,True,True
67392745,0.20940000,50.00000000,10.47000000,1684025421500,True,True
67392746,0.20940000,30.00000000,6.28200000,1684025443108,True,True
67392747,0.20940000,121.00000000,25.33740000,1684025443108,True,True
67392748,0.20930000,122.00000000,25.53460000,1684025502957,True,True
67392749,0.20930000,2237.00000000,468.20410000,1684025502957,True,True
67392750,0.20940000,240.00000000,50.25600000,1684025529258,False,True
67392751,0.20940000,121.00000000,25.33740000,1684025529258,False,True
67392752,0.20940000,860.00000000,180.08400000,1684025529258,False,True
67392753,0.20950000,121.00000000,25.34950000,1684025593708,False,True
67392754,0.20950000,121.00000000,25.34950000,1684025593791,False,True
67392755,0.20950000,258.00000000,54.05100000,1684025593793,False,True
67392756,0.20950000,240.00000000,50.28000000,1684025593793,False,True
67392757,0.20960000,66.00000000,13.83360000,1684025594495,False,True
67392758,0.20960000,120.00000000,25.15200000,1684025604562,True,True
67392759,0.20960000,109.00000000,22.84640000,1684025604562,True,True
67392760,0.20960000,121.00000000,25.36160000,1684025609014,False,True
67392761,0.20960000,240.00000000,50.30400000,1684025609014,False,True
67392762,0.20960000,477.00000000,99.97920000,1684025616808,True,True
67392763,0.20950000,477.00000000,99.93150000,1684025646093,True,True
67392764,0.20950000,744.00000000,155.86800000,1684025646093,True,True
67392765,0.20950000,487.00000000,102.02650000,1684025646126,True,True
67392766,0.20950000,500.00000000,104.75000000,1684025699986,False,True
67392767,0.20960000,121.00000000,25.36160000,1684025700062,False,True
67392768,0.20960000,860.00000000,180.25600000,1684025700062,False,True
67392769,0.20960000,519.00000000,108.78240000,1684025700062,False,True
67392770,0.20960000,714.00000000,149.65440000,1684025700066,False,True
67392771,0.20960000,269.00000000,56.38240000,1684025700218,False,True
67392772,0.20960000,477.00000000,99.97920000,1684025700218,False,True
67392773,0.20960000,202.00000000,42.33920000,1684025700218,False,True
67392774,0.20960000,120.00000000,25.15200000,1684025713678,False,True
67392775,0.20970000,500.00000000,104.85000000,1684025714165,False,True
67392776,0.20970000,240.00000000,50.32800000,1684025714165,False,True
67392777,0.20980000,208.00000000,43.63840000,1684025714165,False,True
67392778,0.20970000,121.00000000,25.37370000,1684025736182,True,True
67392779,0.20970000,2331.00000000,488.81070000,1684025736285,True,True
67392780,0.20970000,4170.00000000,874.44900000,1684025772337,False,True
67392781,0.20980000,573.00000000,120.21540000,1684025772353,False,True
67392782,0.20980000,552.00000000,115.80960000,1684025772357,False,True
67392783,0.20980000,121.00000000,25.38580000,1684025772365,True,True
67392784,0.20980000,115.00000000,24.12700000,1684025772480,True,True
67392785,0.20980000,120.00000000,25.17600000,1684025772480,True,True
67392786,0.20980000,121.00000000,25.38580000,1684025778093,False,True
67392787,0.20990000,56.00000000,11.75440000,1684025779157,False,True
67392788,0.20990000,121.00000000,25.39790000,1684025779157,False,True
67392789,0.21000000,400.00000000,84.00000000,1684025779157,False,True
67392790,0.20990000,963.00000000,202.13370000,1684025800373,True,True
67392791,0.20990000,1525.00000000,320.09750000,1684025800373,True,True
67392792,0.20990000,317.00000000,66.53830000,1684025800373,True,True
67392793,0.20990000,1783.00000000,374.25170000,1684025800373,True,True
67392794,0.21000000,860.00000000,180.60000000,1684025819217,False,True
67392795,0.21000000,500.00000000,105.00000000,1684025819217,False,True
67392796,0.21010000,121.00000000,25.42210000,1684025819447,True,True
67392797,0.21010000,120.00000000,25.21200000,1684025821674,True,True
67392798,0.21010000,57.00000000,11.97570000,1684025823692,False,True
67392799,0.21010000,64.00000000,13.44640000,1684026001351,False,True
67392800,0.21010000,120.00000000,25.21200000,1684026001351,False,True
67392801,0.21010000,2701.00000000,567.48010000,1684026001351,False,True
67392802,0.21020000,121.00000000,25.43420000,1684026004556,True,True
67392803,0.21010000,121.00000000,25.42210000,1684026006849,True,True
67392804,0.21010000,475.00000000,99.79750000,1684026006849,True,True
67392805,0.21010000,860.00000000,180.68600000,1684026006849,True,True
67392806,0.21010000,1000.00000000,210.10000000,1684026006849,True,True
67392807,0.21010000,429.00000000,90.13290000,1684026006849,True,True
67392808,0.21010000,447.00000000,93.91470000,1684026006854,True,True
67392809,0.21010000,922.00000000,193.71220000,1684026006854,True,True
67392810,0.21010000,931.00000000,195.60310000,1684026006854,True,True
67392811,0.21010000,971.00000000,204.00710000,1684026006854,True,True
67392812,0.21010000,68.00000000,14.28680000,1684026006854,True,True
67392813,0.21010000,500.00000000,105.05000000,1684026008962,False,True
67392814,0.21020000,121.00000000,25.43420000,1684026009284,False,True
67392815,0.21020000,860.00000000,180.77200000,1684026009284,False,True
67392816,0.21020000,121.00000000,25.43420000,1684026009306,False,True
67392817,0.21020000,860.00000000,180.77200000,1684026009306,False,True
67392818,0.21020000,120.00000000,25.22400000,1684026009503,False,True
67392819,0.21030000,134.00000000,28.18020000,1684026009503,False,True
67392820,0.21030000,61.00000000,12.82830000,1684026016519,True,True
67392821,0.21030000,60.00000000,12.61800000,1684026016863,True,True
67392822,0.21030000,120.00000000,25.23600000,1684026016863,True,True
67392823,0.21010000,475.00000000,99.79750000,1684026023005,True,True
67392824,0.21010000,860.00000000,180.68600000,1684026023005,True,True
67392825,0.21010000,876.00000000,184.04760000,1684026023005,True,True
67392826,0.21010000,251.00000000,52.73510000,1684026023005,True,True
67392827,0.21020000,120.00000000,25.22400000,1684026060288,True,True
67392828,0.21010000,120.00000000,25.21200000,1684026065117,True,True
67392829,0.20980000,228.00000000,47.83440000,1684026297631,True,True
67392830,0.20970000,229.00000000,48.02130000,1684026362628,True,True
67392831,0.20970000,373.00000000,78.21810000,1684026363078,True,True
67392832,0.20960000,1192.00000000,249.84320000,1684026452663,True,True
67392833,0.20960000,1192.00000000,249.84320000,1684026452663,True,True
67392834,0.20960000,860.00000000,180.25600000,1684026452663,True,True
67392835,0.20950000,121.00000000,25.34950000,1684026452882,False,True
67392836,0.20950000,121.00000000,25.34950000,1684026452901,False,True
67392837,0.20940000,120.00000000,25.12800000,1684026550670,True,True
67392838,0.20940000,121.00000000,25.33740000,1684026577567,False,True
67392839,0.20950000,120.00000000,25.14000000,1684026637087,True,True
67392840,0.20940000,120.00000000,25.12800000,1684026692565,True,True
67392841,0.20930000,953.00000000,199.46290000,1684026778978,True,True
67392842,0.20920000,1434.00000000,299.99280000,1684026779144,True,True
67392843,0.20910000,831.00000000,173.76210000,1684026779657,True,True
67392844,0.20910000,64.00000000,13.38240000,1684026780580,False,True
67392845,0.20910000,57.00000000,11.91870000,1684026789218,False,True
67392846,0.20910000,121.00000000,25.30110000,1684026789218,False,True
67392847,0.20930000,121.00000000,25.32530000,1684026789365,False,True
67392848,0.20930000,473.00000000,98.99890000,1684026789365,False,True
67392849,0.20930000,361.00000000,75.55730000,1684026789365,False,True
67392850,0.20930000,122.00000000,25.53460000,1684026833655,True,True
67392851,0.20930000,234.00000000,48.97620000,1684026833655,True,True
67392852,0.20920000,121.00000000,25.31320000,1684026837344,True,True
67392853,0.20920000,238.00000000,49.78960000,1684026837344,True,True
67392854,0.20900000,596.00000000,124.56400000,1684026962857,True,True
67392855,0.20890000,121.00000000,25.27690000,1684026971224,True,True
67392856,0.20890000,254.00000000,53.06060000,1684026971224,True,True
67392857,0.20890000,606.00000000,126.59340000,1684026971224,True,True
67392858,0.20890000,1143.00000000,238.77270000,1684026971224,True,True
67392859,0.20890000,971.00000000,202.84190000,1684026971224,True,True
67392860,0.20890000,861.00000000,179.86290000,1684026971224,True,True
67392861,0.20890000,876.00000000,182.99640000,1684026971224,True,True
67392862,0.20890000,965.00000000,201.58850000,1684026971224,True,True
67392863,0.20890000,877.00000000,183.20530000,1684026971224,True,True
67392864,0.20890000,173.00000000,36.13970000,1684026971224,True,True
67392865,0.20890000,774.00000000,161.68860000,1684026971228,True,True
67392866,0.20890000,877.00000000,183.20530000,1684026971228,True,True
67392867,0.20890000,952.00000000,198.87280000,1684026971228,True,True
67392868,0.20890000,931.00000000,194.48590000,1684026971228,True,True
67392869,0.20890000,807.00000000,168.58230000,1684026971228,True,True
67392870,0.20880000,51.00000000,10.64880000,1684026971509,True,True
67392871,0.20880000,70.00000000,14.61600000,1684026971509,True,True
67392872,0.20870000,122.00000000,25.46140000,1684026975478,False,True
67392873,0.20860000,192.00000000,40.05120000,1684026986566,True,True
67392874,0.20860000,56.00000000,11.68160000,1684026986566,True,True
67392875,0.20850000,87.00000000,18.13950000,1684026986566,True,True
67392876,0.20860000,72.00000000,15.01920000,1684026988600,False,True
67392877,0.20860000,51.00000000,10.63860000,1684026988930,False,True
67392878,0.20860000,57.00000000,11.89020000,1684026988932,False,True
67392879,0.20860000,71.00000000,14.81060000,1684026988950,False,True
67392880,0.20860000,71.00000000,14.81060000,1684026989003,False,True
67392881,0.20870000,100.00000000,20.87000000,1684026997215,False,True
67392882,0.20870000,68.00000000,14.19160000,1684026998929,False,True
67392883,0.20870000,51.00000000,10.64370000,1684026998937,False,True
67392884,0.20870000,71.00000000,14.81770000,1684026998955,False,True
67392885,0.20870000,57.00000000,11.89590000,1684026998960,False,True
67392886,0.20870000,51.00000000,10.64370000,1684026999061,False,True
67392887,0.20870000,71.00000000,14.81770000,1684027003946,False,True
67392888,0.20880000,122.00000000,25.47360000,1684027037378,False,True
67392889,0.20880000,860.00000000,179.56800000,1684027037378,False,True
67392890,0.20880000,479.00000000,100.01520000,1684027037378,False,True
67392891,0.20890000,122.00000000,25.48580000,1684027045449,False,True
67392892,0.20890000,341.00000000,71.23490000,1684027045449,False,True
67392893,0.20890000,1506.00000000,314.60340000,1684027045449,False,True
67392894,0.20890000,1493.00000000,311.88770000,1684027045449,False,True
67392895,0.20900000,122.00000000,25.49800000,1684027045588,False,True
67392896,0.20900000,56.00000000,11.70400000,1684027045619,True,True
67392897,0.20900000,66.00000000,13.79400000,1684027047411,True,True
67392898,0.20900000,56.00000000,11.70400000,1684027047411,True,True
67392899,0.20910000,57.00000000,11.91870000,1684027049058,False,True
67392900,0.20910000,91.00000000,19.02810000,1684027049874,False,True
67392901,0.20900000,65.00000000,13.58500000,1684027052788,True,True
67392902,0.20900000,121.00000000,25.28900000,1684027052788,True,True
67392903,0.20900000,85.00000000,17.76500000,1684027052788,True,True
67392904,0.20910000,144.00000000,30.11040000,1684027127901,False,True
67392905,0.20900000,122.00000000,25.49800000,1684027147820,False,True
67392906,0.20910000,1434.00000000,299.84940000,1684027174863,False,True
67392907,0.20910000,121.00000000,25.30110000,1684027175378,True,True
67392908,0.20910000,122.00000000,25.51020000,1684027200348,False,True
67392909,0.20910000,121.00000000,25.30110000,1684027205617,True,True
67392910,0.20900000,2005.00000000,419.04500000,1684027286963,True,True
67392911,0.20910000,122.00000000,25.51020000,1684027358927,False,True
67392912,0.20920000,122.00000000,25.52240000,1684027385279,False,True
67392913,0.20920000,298.00000000,62.34160000,1684027385279,False,True
67392914,0.20920000,224.00000000,46.86080000,1684027385282,False,True
67392915,0.20920000,529.00000000,110.66680000,1684027385282,False,True
67392916,0.20930000,120.00000000,25.11600000,1684027385328,False,True
67392917,0.20930000,831.00000000,173.92830000,1684027385328,False,True
67392918,0.20930000,860.00000000,179.99800000,1684027385328,False,True
67392919,0.20930000,782.00000000,163.67260000,1684027385328,False,True
67392920,0.20930000,573.00000000,119.92890000,1684027385341,False,True
67392921,0.20940000,121.00000000,25.33740000,1684027385674,False,True
67392922,0.20940000,834.00000000,174.63960000,1684027385674,False,True
67392923,0.20930000,58.00000000,12.13940000,1684027385677,True,True
67392924,0.20950000,51.00000000,10.68450000,1684027388999,False,True
67392925,0.20950000,51.00000000,10.68450000,1684027388999,False,True
67392926,0.20950000,19.00000000,3.98050000,1684027389002,False,True
67392927,0.20950000,38.00000000,7.96100000,1684027389002,False,True
67392928,0.20950000,57.00000000,11.94150000,1684027389008,False,True
67392929,0.20950000,51.00000000,10.68450000,1684027389009,False,True
67392930,0.20950000,51.00000000,10.68450000,1684027389010,False,True
67392931,0.20950000,51.00000000,10.68450000,1684027389010,False,True
67392932,0.20950000,57.00000000,11.94150000,1684027389012,False,True
67392933,0.20950000,51.00000000,10.68450000,1684027389015,False,True
67392934,0.20950000,57.00000000,11.94150000,1684027389018,False,True
67392935,0.20950000,51.00000000,10.68450000,1684027389018,False,True
67392936,0.20950000,51.00000000,10.68450000,1684027389019,False,True
67392937,0.20950000,51.00000000,10.68450000,1684027389020,False,True
67392938,0.20950000,51.00000000,10.68450000,1684027389020,False,True
67392939,0.20950000,51.00000000,10.68450000,1684027389022,False,True
67392940,0.20950000,57.00000000,11.94150000,1684027389030,False,True
67392941,0.20950000,51.00000000,10.68450000,1684027389030,False,True
67392942,0.20950000,51.00000000,10.68450000,1684027389034,False,True
67392943,0.20950000,57.00000000,11.94150000,1684027389034,False,True
67392944,0.20950000,51.00000000,10.68450000,1684027389037,False,True
67392945,0.20950000,51.00000000,10.68450000,1684027389038,False,True
67392946,0.20950000,51.00000000,10.68450000,1684027389040,False,True
67392947,0.20950000,51.00000000,10.68450000,1684027389040,False,True
67392948,0.20950000,51.00000000,10.68450000,1684027389040,False,True
67392949,0.20950000,51.00000000,10.68450000,1684027389148,False,True
67392950,0.20950000,51.00000000,10.68450000,1684027389152,False,True
67392951,0.20950000,51.00000000,10.68450000,1684027389160,False,True
67392952,0.20950000,70.00000000,14.66500000,1684027408159,False,True
67392953,0.20940000,121.00000000,25.33740000,1684027409991,True,True
67392954,0.20940000,358.00000000,74.96520000,1684027409991,True,True
67392955,0.20940000,286.00000000,59.88840000,1684027409991,True,True
67392956,0.20940000,87.00000000,18.21780000,1684027461705,False,True
67392957,0.20950000,117.00000000,24.51150000,1684027506451,False,True
67392958,0.20950000,140.00000000,29.33000000,1684027506451,False,True
67392959,0.20950000,905.00000000,189.59750000,1684027507370,False,True
67392960,0.20950000,1001.00000000,209.70950000,1684027507370,False,True
67392961,0.20950000,475.00000000,99.51250000,1684027507370,False,True
67392962,0.20950000,2163.00000000,453.14850000,1684027507370,False,True
67392963,0.20950000,500.00000000,104.75000000,1684027507370,False,True
67392964,0.20950000,85.00000000,17.80750000,1684027507370,False,True
67392965,0.20950000,119.00000000,24.93050000,1684027507370,False,True
67392966,0.20950000,151.00000000,31.63450000,1684027507370,False,True
67392967,0.20950000,101.00000000,21.15950000,1684027507370,False,True
67392968,0.20950000,48.00000000,10.05600000,1684027507370,False,True
67392969,0.20950000,2000.00000000,419.00000000,1684027507370,False,True
67392970,0.20950000,319.00000000,66.83050000,1684027507370,False,True
67392971,0.20960000,121.00000000,25.36160000,1684027507370,False,True
67392972,0.20960000,56.00000000,11.73760000,1684027507370,False,True
67392973,0.20960000,3214.00000000,673.65440000,1684027507370,False,True
67392974,0.20960000,664.00000000,139.17440000,1684027507370,False,True
67392975,0.20960000,3332.00000000,698.38720000,1684027507759,False,True
67392976,0.20960000,2761.00000000,578.70560000,1684027507759,False,True
67392977,0.20960000,153.00000000,32.06880000,1684027507919,True,True
67392978,0.20960000,5616.00000000,1177.11360000,1684027507923,True,True
67392979,0.20960000,145.00000000,30.39200000,1684027547023,False,True
67392980,0.20960000,128.00000000,26.82880000,1684027547027,False,True
67392981,0.20960000,17.00000000,3.56320000,1684027547027,False,True
67392982,0.20960000,114.00000000,23.89440000,1684027547034,False,True
67392983,0.20960000,31.00000000,6.49760000,1684027547034,False,True
67392984,0.20960000,89.00000000,18.65440000,1684027547034,False,True
67392985,0.20960000,56.00000000,11.73760000,1684027547034,False,True
67392986,0.20960000,47.00000000,9.85120000,1684027547040,False,True
67392987,0.20960000,98.00000000,20.54080000,1684027547040,False,True
67392988,0.20960000,3.00000000,0.62880000,1684027547088,False,True
67392989,0.20960000,121.00000000,25.36160000,1684027547099,True,True
67392990,0.20960000,233.00000000,48.83680000,1684027551439,True,True
67392991,0.20970000,500.00000000,104.85000000,1684027586359,False,True
67392992,0.20970000,113.00000000,23.69610000,1684027586359,False,True
67392993,0.20970000,115.00000000,24.11550000,1684027586359,False,True
67392994,0.20970000,113.00000000,23.69610000,1684027586359,False,True
67392995,0.20970000,114.00000000,23.90580000,1684027586359,False,True
67392996,0.20960000,563.00000000,118.00480000,1684027681337,True,True
67392997,0.20970000,202.00000000,42.35940000,1684027838080,False,True
67392998,0.20970000,32.00000000,6.71040000,1684027838080,False,True
67392999,0.20970000,102.00000000,21.38940000,1684027838087,False,True
67393000,0.20970000,19.00000000,3.98430000,1684027838120,False,True
67393001,0.20980000,332.00000000,69.65360000,1684027838230,False,True
67393002,0.20980000,110.00000000,23.07800000,1684027838334,True,True
67393003,0.20990000,835.00000000,175.26650000,1684027888407,False,True
67393004,0.20990000,120.00000000,25.18800000,1684027888407,False,True
67393005,0.20990000,740.00000000,155.32600000,1684027948935,False,True
67393006,0.20990000,1000.00000000,209.90000000,1684027948935,False,True
67393007,0.20990000,95.00000000,19.94050000,1684027948935,False,True
67393008,0.20990000,95.00000000,19.94050000,1684027948935,False,True
67393009,0.20990000,93.00000000,19.52070000,1684027948935,False,True
67393010,0.20990000,68.00000000,14.27320000,1684027948935,False,True
67393011,0.20990000,180.00000000,37.78200000,1684027948937,False,True
67393012,0.20990000,268.00000000,56.25320000,1684027948937,False,True
67393013,0.20990000,94.00000000,19.73060000,1684027949948,True,True
67393014,0.20990000,121.00000000,25.39790000,1684028047387,True,True
67393015,0.20990000,425.00000000,89.20750000,1684028047387,True,True
67393016,0.20990000,1743.00000000,365.85570000,1684028047465,True,True
67393017,0.20990000,121.00000000,25.39790000,1684028047465,True,True
67393018,0.20980000,11.00000000,2.30780000,1684028047472,True,True
67393019,0.20980000,120.00000000,25.17600000,1684028047472,True,True
67393020,0.20980000,860.00000000,180.42800000,1684028047472,True,True
67393021,0.20980000,1191.00000000,249.87180000,1684028047472,True,True
67393022,0.20980000,475.00000000,99.65500000,1684028047472,True,True
67393023,0.20980000,1468.00000000,307.98640000,1684028047478,True,True
67393024,0.20980000,876.00000000,183.78480000,1684028047483,True,True
67393025,0.20980000,14.00000000,2.93720000,1684028047483,True,True
67393026,0.20980000,341.00000000,71.54180000,1684028047485,True,True
67393027,0.20980000,505.00000000,105.94900000,1684028047486,True,True
67393028,0.20980000,73.00000000,15.31540000,1684028047486,True,True
67393029,0.20980000,268.00000000,56.22640000,1684028047488,True,True
67393030,0.20980000,62.00000000,13.00760000,1684028047488,True,True
67393031,0.20980000,474.00000000,99.44520000,1684028047488,True,True
67393032,0.20980000,965.00000000,202.45700000,1684028047488,True,True
67393033,0.20970000,163.00000000,34.18110000,1684028047501,True,True
67393034,0.20970000,385.00000000,80.73450000,1684028047514,True,True
67393035,0.20970000,2825.00000000,592.40250000,1684028068541,True,True
67393036,0.20970000,652.00000000,136.72440000,1684028068542,True,True
67393037,0.20970000,713.00000000,149.51610000,1684028068542,True,True
67393038,0.20970000,96.00000000,20.13120000,1684028068548,True,True
67393039,0.20970000,305.00000000,63.95850000,1684028068582,True,True
67393040,0.20970000,419.00000000,87.86430000,1684028068594,True,True
67393041,0.20960000,596.00000000,124.92160000,1684028077539,True,True
67393042,0.20960000,596.00000000,124.92160000,1684028077539,True,True
67393043,0.20960000,80.00000000,16.76800000,1684028077539,True,True
67393044,0.20970000,100.00000000,20.97000000,1684028322167,True,True
67393045,0.20960000,121.00000000,25.36160000,1684028405916,False,True
67393046,0.20970000,121.00000000,25.37370000,1684028406769,False,True
67393047,0.20980000,121.00000000,25.38580000,1684028406769,False,True
67393048,0.20980000,713.00000000,149.58740000,1684028406769,False,True
67393049,0.20940000,121.00000000,25.33740000,1684028527789,True,True
67393050,0.20940000,860.00000000,180.08400000,1684028527789,True,True
67393051,0.20940000,130.00000000,27.22200000,1684028527811,False,True
67393052,0.20930000,64.00000000,13.39520000,1684028527977,True,True
67393053,0.20930000,120.00000000,25.11600000,1684028527977,True,True
67393054,0.20920000,254.00000000,53.13680000,1684028588953,True,True
67393055,0.20920000,2648.00000000,553.96160000,1684028588953,True,True
67393056,0.20920000,596.00000000,124.68320000,1684028588953,True,True
67393057,0.20920000,478.00000000,99.99760000,1684028588953,True,True
67393058,0.20920000,877.00000000,183.46840000,1684028588953,True,True
67393059,0.20920000,215.00000000,44.97800000,1684028588953,True,True
67393060,0.20920000,662.00000000,138.49040000,1684028589231,True,True
67393061,0.20920000,3000.00000000,627.60000000,1684028589231,True,True
67393062,0.20920000,860.00000000,179.91200000,1684028589231,True,True
67393063,0.20920000,540.00000000,112.96800000,1684028589231,True,True
67393064,0.20920000,121.00000000,25.31320000,1684028697932,False,True
67393065,0.20920000,121.00000000,25.31320000,1684028700433,True,True
67393066,0.20910000,121.00000000,25.30110000,1684028702478,True,True
67393067,0.20910000,3483.00000000,728.29530000,1684028702478,True,True
67393068,0.20910000,477.00000000,99.74070000,1684028702478,True,True
67393069,0.20910000,860.00000000,179.82600000,1684028702478,True,True
67393070,0.20910000,3664.00000000,766.14240000,1684028702615,True,True
67393071,0.20910000,478.00000000,99.94980000,1684028702615,True,True
67393072,0.20910000,860.00000000,179.82600000,1684028702615,True,True
67393073,0.20910000,877.00000000,183.38070000,1684028702615,True,True
67393074,0.20910000,922.00000000,192.79020000,1684028702615,True,True
67393075,0.20910000,952.00000000,199.06320000,1684028702615,True,True
67393076,0.20910000,931.00000000,194.67210000,1684028702615,True,True
67393077,0.20910000,860.00000000,179.82600000,1684028702615,True,True
67393078,0.20910000,971.00000000,203.03610000,1684028702615,True,True
67393079,0.20910000,872.00000000,182.33520000,1684028702615,True,True
67393080,0.20910000,876.00000000,183.17160000,1684028702615,True,True
67393081,0.20910000,877.00000000,183.38070000,1684028702615,True,True
67393082,0.20910000,861.00000000,180.03510000,1684028702615,True,True
67393083,0.20910000,684.00000000,143.02440000,1684028702615,True,True
67393084,0.20920000,122.00000000,25.52240000,1684028704472,False,True
67393085,0.20920000,478.00000000,99.99760000,1684028704472,False,True
67393086,0.20920000,860.00000000,179.91200000,1684028704472,False,True
67393087,0.20920000,1920.00000000,401.66400000,1684028704472,False,True
67393088,0.20920000,500.00000000,104.60000000,1684028704472,False,True
67393089,0.20920000,1008.00000000,210.87360000,1684028704472,False,True
67393090,0.20920000,860.00000000,179.91200000,1684028715376,False,True
67393091,0.20920000,860.00000000,179.91200000,1684028716285,False,True
67393092,0.20920000,860.00000000,179.91200000,1684028717125,False,True
67393093,0.20920000,860.00000000,179.91200000,1684028717185,False,True
67393094,0.20920000,860.00000000,179.91200000,1684028718090,False,True
67393095,0.20930000,478.00000000,100.04540000,1684028742269,False,True
67393096,0.20930000,596.00000000,124.74280000,1684028742269,False,True
67393097,0.20930000,472.00000000,98.78960000,1684028742269,False,True
67393098,0.20930000,1257.00000000,263.09010000,1684028742272,False,True
67393099,0.20920000,596.00000000,124.68320000,1684028745114,True,True
67393100,0.20920000,70.00000000,14.64400000,1684028745114,True,True
67393101,0.20920000,179.00000000,37.44680000,1684028745114,True,True
67393102,0.20920000,122.00000000,25.52240000,1684028754447,False,True
67393103,0.20920000,121.00000000,25.31320000,1684028762791,True,True
67393104,0.20920000,20.00000000,4.18400000,1684028762791,True,True
67393105,0.20920000,500.00000000,104.60000000,1684028897685,False,True
67393106,0.20920000,122.00000000,25.52240000,1684028920840,False,True
67393107,0.20920000,120.00000000,25.10400000,1684029018328,True,True
67393108,0.20900000,94.00000000,19.64600000,1684029026118,True,True
67393109,0.20910000,500.00000000,104.55000000,1684029072284,False,True
67393110,0.20910000,122.00000000,25.51020000,1684029139569,False,True
67393111,0.20930000,122.00000000,25.53460000,1684029301682,False,True
67393112,0.20930000,313.00000000,65.51090000,1684029301682,False,True
67393113,0.20930000,522.00000000,109.25460000,1684029349729,False,True
67393114,0.20930000,500.00000000,104.65000000,1684029349729,False,True
67393115,0.20940000,54.00000000,11.30760000,1684029366846,False,True
67393116,0.20920000,94.00000000,19.66480000,1684029369020,True,True
67393117,0.20930000,120.00000000,25.11600000,1684029422883,False,True
67393118,0.20930000,112.00000000,23.44160000,1684029422883,False,True
67393119,0.20920000,89.00000000,18.61880000,1684029668952,False,True
67393120,0.20930000,52.00000000,10.88360000,1684029669855,False,True
67393121,0.20930000,122.00000000,25.53460000,1684029717446,True,True
67393122,0.20930000,3367.00000000,704.71310000,1684029717446,True,True
67393123,0.20930000,860.00000000,179.99800000,1684029717446,True,True
67393124,0.20930000,1509.00000000,315.83370000,1684029717558,False,True
67393125,0.20930000,9202.00000000,1925.97860000,1684029735291,False,True
67393126,0.20940000,67.00000000,14.02980000,1684029735444,False,True
67393127,0.20950000,120.00000000,25.14000000,1684029735444,False,True
67393128,0.20950000,768.00000000,160.89600000,1684029735444,False,True
67393129,0.20940000,121.00000000,25.33740000,1684029815663,True,True
67393130,0.20930000,121.00000000,25.32530000,1684029815663,True,True
67393131,0.20930000,860.00000000,179.99800000,1684029815663,True,True
67393132,0.20930000,478.00000000,100.04540000,1684029815663,True,True
67393133,0.20930000,2970.00000000,621.62100000,1684029815663,True,True
67393134,0.20920000,120.00000000,25.10400000,1684029835350,False,True
67393135,0.20930000,120.00000000,25.11600000,1684029857174,False,True
67393136,0.20940000,120.00000000,25.12800000,1684029857174,False,True
67393137,0.20940000,860.00000000,180.08400000,1684029857174,False,True
67393138,0.20940000,1193.00000000,249.81420000,1684029857174,False,True
67393139,0.20940000,892.00000000,186.78480000,1684029857174,False,True
67393140,0.20940000,122.00000000,25.54680000,1684029857243,True,True
67393141,0.20950000,860.00000000,180.17000000,1684029859174,False,True
67393142,0.20950000,596.00000000,124.86200000,1684029859174,False,True
67393143,0.20950000,1383.00000000,289.73850000,1684029859174,False,True
67393144,0.20950000,346.00000000,72.48700000,1684029859174,False,True
67393145,0.20950000,1519.00000000,318.23050000,1684029860175,False,True
67393146,0.20950000,478.00000000,100.14100000,1684029860175,False,True
67393147,0.20950000,596.00000000,124.86200000,1684029860175,False,True
67393148,0.20950000,592.00000000,124.02400000,1684029860175,False,True
67393149,0.20940000,94.00000000,19.68360000,1684029862357,True,True
67393150,0.20950000,955.00000000,200.07250000,1684029870269,False,True
67393151,0.20950000,89.00000000,18.64550000,1684029879862,False,True
67393152,0.20940000,28.00000000,5.86320000,1684029885980,True,True
67393153,0.20940000,120.00000000,25.12800000,1684029885980,True,True
67393154,0.20950000,121.00000000,25.34950000,1684029908898,True,True
67393155,0.20950000,120.00000000,25.14000000,1684029908903,True,True
67393156,0.20940000,121.00000000,25.33740000,1684029940770,True,True
67393157,0.20930000,121.00000000,25.32530000,1684029941209,False,True
67393158,0.20920000,55.00000000,11.50600000,1684029949237,True,True
67393159,0.20920000,805.00000000,168.40600000,1684029976048,True,True
67393160,0.20920000,1194.00000000,249.78480000,1684029976048,True,True
67393161,0.20920000,477.00000000,99.78840000,1684029976048,True,True
67393162,0.20920000,327.00000000,68.40840000,1684029976048,True,True
67393163,0.20920000,549.00000000,114.85080000,1684029976094,True,True
67393164,0.20920000,473.00000000,98.95160000,1684029976094,True,True
67393165,0.20920000,341.00000000,71.33720000,1684029976208,True,True
67393166,0.20920000,597.00000000,124.89240000,1684029998888,False,True
67393167,0.20920000,3061.00000000,640.36120000,1684030021053,False,True
67393168,0.20940000,1138.00000000,238.29720000,1684030058814,False,True
67393169,0.20940000,534.00000000,111.81960000,1684030058814,False,True
67393170,0.20930000,596.00000000,124.74280000,1684030114851,True,True
67393171,0.20930000,274.00000000,57.34820000,1684030114851,True,True
67393172,0.20930000,349.00000000,73.04570000,1684030192350,True,True
67393173,0.20920000,3186.00000000,666.51120000,1684030192842,False,True
67393174,0.20920000,596.00000000,124.68320000,1684030208944,False,True
67393175,0.20940000,100.00000000,20.94000000,1684030322687,False,True
67393176,0.20950000,121.00000000,25.34950000,1684030330017,False,True
67393177,0.20950000,100.00000000,20.95000000,1684030330017,False,True
67393178,0.20950000,100.00000000,20.95000000,1684030330017,False,True
67393179,0.20950000,20.00000000,4.19000000,1684030330017,False,True
67393180,0.20950000,80.00000000,16.76000000,1684030330058,False,True
67393181,0.20950000,100.00000000,20.95000000,1684030330058,False,True
67393182,0.20950000,100.00000000,20.95000000,1684030330058,False,True
67393183,0.20950000,100.00000000,20.95000000,1684030330058,False,True
67393184,0.20950000,24.00000000,5.02800000,1684030330058,False,True
67393185,0.20950000,76.00000000,15.92200000,1684030330080,False,True
67393186,0.20950000,100.00000000,20.95000000,1684030330219,False,True
67393187,0.20950000,100.00000000,20.95000000,1684030330225,False,True
67393188,0.20950000,94.00000000,19.69300000,1684030330225,False,True
67393189,0.20960000,120.00000000,25.15200000,1684030386793,False,True
67393190,0.20960000,120.00000000,25.15200000,1684030638804,False,True
67393191,0.20960000,121.00000000,25.36160000,1684030688245,True,True
67393192,0.20950000,120.00000000,25.14000000,1684030741468,False,True
67393193,0.20960000,75.00000000,15.72000000,1684030786353,False,True
67393194,0.20940000,50.00000000,10.47000000,1684030801666,True,True
67393195,0.20960000,45.00000000,9.43200000,1684030819510,False,True
67393196,0.20960000,500.00000000,104.80000000,1684030819510,False,True
67393197,0.20970000,94.00000000,19.71180000,1684030838734,True,True
67393198,0.20980000,100.00000000,20.98000000,1684030869113,False,True
67393199,0.20980000,500.00000000,104.90000000,1684030869113,False,True
67393200,0.20980000,100.00000000,20.98000000,1684030869160,False,True
67393201,0.20980000,100.00000000,20.98000000,1684030869160,False,True
67393202,0.20980000,100.00000000,20.98000000,1684030869160,False,True
67393203,0.20980000,100.00000000,20.98000000,1684030869160,False,True
67393204,0.20980000,100.00000000,20.98000000,1684030869160,False,True
67393205,0.20980000,96.00000000,20.14080000,1684030869160,False,True
67393206,0.20980000,4.00000000,0.83920000,1684030869163,False,True
67393207,0.20980000,100.00000000,20.98000000,1684030869163,False,True
67393208,0.20980000,100.00000000,20.98000000,1684030869163,False,True
67393209,0.20980000,93.00000000,19.51140000,1684030869163,False,True
67393210,0.20980000,123.00000000,25.80540000,1684030869239,True,True
67393211,0.21000000,709.00000000,148.89000000,1684030981759,False,True
67393212,0.21000000,631.00000000,132.51000000,1684030981763,False,True
67393213,0.21000000,298.00000000,62.58000000,1684030981764,False,True
67393214,0.21000000,476.00000000,99.96000000,1684030981764,False,True
67393215,0.21000000,16.00000000,3.36000000,1684030981764,False,True
67393216,0.21000000,84.00000000,17.64000000,1684030981800,False,True
67393217,0.21000000,100.00000000,21.00000000,1684030981819,False,True
67393218,0.21000000,100.00000000,21.00000000,1684030982023,False,True
67393219,0.21000000,100.00000000,21.00000000,1684030982030,False,True
67393220,0.21000000,100.00000000,21.00000000,1684030982127,False,True
67393221,0.21000000,100.00000000,21.00000000,1684030982266,False,True
67393222,0.21000000,100.00000000,21.00000000,1684030982377,False,True
67393223,0.21000000,100.00000000,21.00000000,1684030982505,False,True
67393224,0.21000000,100.00000000,21.00000000,1684030982627,False,True
67393225,0.21000000,91.00000000,19.11000000,1684030982634,False,True
67393226,0.21010000,55.00000000,11.55550000,1684030986948,True,True
67393227,0.21010000,66.00000000,13.86660000,1684031007767,True,True
67393228,0.21010000,120.00000000,25.21200000,1684031007767,True,True
67393229,0.21010000,860.00000000,180.68600000,1684031257989,False,True
67393230,0.21010000,500.00000000,105.05000000,1684031257989,False,True
67393231,0.21020000,100.00000000,21.02000000,1684031402363,False,True
67393232,0.21020000,500.00000000,105.10000000,1684031402363,False,True
67393233,0.21020000,100.00000000,21.02000000,1684031402363,False,True
67393234,0.21020000,100.00000000,21.02000000,1684031402363,False,True
67393235,0.21020000,100.00000000,21.02000000,1684031402363,False,True
67393236,0.21020000,100.00000000,21.02000000,1684031402363,False,True
67393237,0.21020000,100.00000000,21.02000000,1684031402363,False,True
67393238,0.21020000,100.00000000,21.02000000,1684031402363,False,True
67393239,0.21020000,100.00000000,21.02000000,1684031402363,False,True
67393240,0.21020000,100.00000000,21.02000000,1684031402363,False,True
67393241,0.21020000,90.00000000,18.91800000,1684031402363,False,True
67393242,0.21030000,1197.00000000,251.72910000,1684031402363,False,True
67393243,0.21030000,835.00000000,175.60050000,1684031402363,False,True
67393244,0.21030000,3703.00000000,778.74090000,1684031402363,False,True
67393245,0.21030000,2355.00000000,495.25650000,1684031402363,False,True
67393246,0.21030000,1000.00000000,210.30000000,1684031402363,False,True
67393247,0.21040000,3873.00000000,814.87920000,1684031402363,False,True
67393248,0.21040000,3217.00000000,676.85680000,1684031402363,False,True
67393249,0.21030000,121.00000000,25.44630000,1684031408739,False,True
67393250,0.21030000,100.00000000,21.03000000,1684031408739,False,True
67393251,0.21030000,100.00000000,21.03000000,1684031408838,False,True
67393252,0.21030000,120.00000000,25.23600000,1684031408838,False,True
67393253,0.21030000,100.00000000,21.03000000,1684031412535,False,True
67393254,0.21030000,100.00000000,21.03000000,1684031412535,False,True
67393255,0.21030000,100.00000000,21.03000000,1684031412535,False,True
67393256,0.21030000,100.00000000,21.03000000,1684031412535,False,True
67393257,0.21030000,100.00000000,21.03000000,1684031412535,False,True
67393258,0.21030000,100.00000000,21.03000000,1684031412535,False,True
67393259,0.21030000,100.00000000,21.03000000,1684031412535,False,True
67393260,0.21030000,90.00000000,18.92700000,1684031412535,False,True
67393261,0.21040000,4752.00000000,999.82080000,1684031412535,False,True
67393262,0.21040000,8000.00000000,1683.20000000,1684031412535,False,True
67393263,0.21050000,1395.00000000,293.64750000,1684031412535,False,True
67393264,0.21050000,2328.00000000,490.04400000,1684031412535,False,True
67393265,0.21050000,400.00000000,84.20000000,1684031412535,False,True
67393266,0.21040000,596.00000000,125.39840000,1684031412969,False,True
67393267,0.21040000,596.00000000,125.39840000,1684031412969,False,True
67393268,0.21040000,77.00000000,16.20080000,1684031412969,False,True
67393269,0.21050000,1187.00000000,249.86350000,1684031412970,False,True
67393270,0.21050000,1000.00000000,210.50000000,1684031412970,False,True
67393271,0.21040000,76.00000000,15.99040000,1684031413038,True,True
67393272,0.21040000,45.00000000,9.46800000,1684031413092,True,True
67393273,0.21040000,32.00000000,6.73280000,1684031413092,True,True
67393274,0.21040000,153.00000000,32.19120000,1684031413127,True,True
67393275,0.21040000,163.00000000,34.29520000,1684031413422,True,True
67393276,0.21040000,512.00000000,107.72480000,1684031427854,True,True
67393277,0.21040000,1716.00000000,361.04640000,1684031427854,True,True
67393278,0.21030000,121.00000000,25.44630000,1684031497728,True,True
67393279,0.21030000,860.00000000,180.85800000,1684031497728,True,True
67393280,0.21030000,325.00000000,68.34750000,1684031497728,True,True
67393281,0.21030000,877.00000000,184.43310000,1684031497728,True,True
67393282,0.21030000,587.00000000,123.44610000,1684031497728,True,True
67393283,0.21030000,360.00000000,75.70800000,1684031502568,True,True
67393284,0.21020000,121.00000000,25.43420000,1684031531951,True,True
67393285,0.21020000,2150.00000000,451.93000000,1684031742016,True,True
67393286,0.21010000,120.00000000,25.21200000,1684031742016,True,True
67393287,0.21010000,596.00000000,125.21960000,1684031742016,True,True
67393288,0.21010000,1151.00000000,241.82510000,1684031742016,True,True
67393289,0.21010000,80.00000000,16.80800000,1684031742016,True,True
67393290,0.21000000,121.00000000,25.41000000,1684031846481,False,True
67393291,0.20990000,619.00000000,129.92810000,1684031861180,True,True
67393292,0.21000000,596.00000000,125.16000000,1684031861191,False,True
67393293,0.21000000,596.00000000,125.16000000,1684031864195,False,True
67393294,0.20990000,314.00000000,65.90860000,1684031867439,True,True
67393295,0.20990000,546.00000000,114.60540000,1684031867439,True,True
67393296,0.20990000,169.00000000,35.47310000,1684031867439,True,True
67393297,0.20990000,1021.00000000,214.30790000,1684031867439,True,True
67393298,0.20990000,89.00000000,18.68110000,1684031867439,True,True
67393299,0.20990000,715.00000000,150.07850000,1684031878255,True,True
67393300,0.20990000,715.00000000,150.07850000,1684031879320,True,True
67393301,0.20990000,475.00000000,99.70250000,1684031879321,True,True
67393302,0.20980000,48.00000000,10.07040000,1684031879321,True,True
67393303,0.20980000,73.00000000,15.31540000,1684031880072,True,True
67393304,0.20980000,195.00000000,40.91100000,1684031880072,True,True
67393305,0.20980000,715.00000000,150.00700000,1684031880248,True,True
67393306,0.20990000,715.00000000,150.07850000,1684031880907,True,True
67393307,0.21000000,121.00000000,25.41000000,1684031911196,False,True
67393308,0.21000000,100.00000000,21.00000000,1684031911212,False,True
67393309,0.21000000,100.00000000,21.00000000,1684031911212,False,True
67393310,0.21000000,100.00000000,21.00000000,1684031911212,False,True
67393311,0.21000000,100.00000000,21.00000000,1684031911212,False,True
67393312,0.21000000,100.00000000,21.00000000,1684031911212,False,True
67393313,0.21000000,96.00000000,20.16000000,1684031911212,False,True
67393314,0.21000000,4.00000000,0.84000000,1684031911297,False,True
67393315,0.21000000,121.00000000,25.41000000,1684031911297,False,True
67393316,0.21000000,100.00000000,21.00000000,1684031911297,False,True
67393317,0.21000000,100.00000000,21.00000000,1684031911297,False,True
67393318,0.21000000,100.00000000,21.00000000,1684031911297,False,True
67393319,0.21000000,99.00000000,20.79000000,1684031911297,False,True
67393320,0.21000000,120.00000000,25.20000000,1684031932511,True,True
67393321,0.20990000,121.00000000,25.39790000,1684031932835,False,True
67393322,0.20990000,121.00000000,25.39790000,1684031932946,False,True
67393323,0.20990000,120.00000000,25.18800000,1684031933061,False,True
67393324,0.21000000,121.00000000,25.41000000,1684031969523,False,True
67393325,0.21000000,121.00000000,25.41000000,1684032075596,True,True
67393326,0.21000000,401.00000000,84.21000000,1684032295073,False,True
67393327,0.20990000,121.00000000,25.39790000,1684032298267,True,True
67393328,0.20990000,1200.00000000,251.88000000,1684032298267,True,True
67393329,0.20990000,120.00000000,25.18800000,1684032302226,False,True
67393330,0.21000000,500.00000000,105.00000000,1684032312834,False,True
67393331,0.21010000,100.00000000,21.01000000,1684032323658,False,True
67393332,0.21010000,500.00000000,105.05000000,1684032323658,False,True
67393333,0.21010000,100.00000000,21.01000000,1684032323767,False,True
67393334,0.21010000,7117.00000000,1495.28170000,1684032323767,False,True
67393335,0.21010000,100.00000000,21.01000000,1684032323815,False,True
67393336,0.21010000,100.00000000,21.01000000,1684032323815,False,True
67393337,0.21010000,100.00000000,21.01000000,1684032323815,False,True
67393338,0.21010000,100.00000000,21.01000000,1684032323815,False,True
67393339,0.21010000,75.00000000,15.75750000,1684032323815,False,True
67393340,0.21010000,25.00000000,5.25250000,1684032323815,False,True
67393341,0.21010000,100.00000000,21.01000000,1684032323815,False,True
67393342,0.21010000,100.00000000,21.01000000,1684032323815,False,True
67393343,0.21010000,99.00000000,20.79990000,1684032323815,False,True
67393344,0.21020000,121.00000000,25.43420000,1684032338586,True,True
67393345,0.21010000,134.00000000,28.15340000,1684032480839,False,True
67393346,0.21010000,69.00000000,14.49690000,1684032481336,False,True
67393347,0.21010000,100.00000000,21.01000000,1684032503990,True,True
67393348,0.21020000,100.00000000,21.02000000,1684032604699,False,True
67393349,0.21020000,121.00000000,25.43420000,1684032604699,False,True
67393350,0.21020000,100.00000000,21.02000000,1684032604707,False,True
67393351,0.21020000,120.00000000,25.22400000,1684032604709,False,True
67393352,0.21020000,100.00000000,21.02000000,1684032626536,False,True
67393353,0.21020000,100.00000000,21.02000000,1684032626536,False,True
67393354,0.21020000,100.00000000,21.02000000,1684032626536,False,True
67393355,0.21020000,100.00000000,21.02000000,1684032626536,False,True
67393356,0.21020000,100.00000000,21.02000000,1684032626536,False,True
67393357,0.21020000,100.00000000,21.02000000,1684032626536,False,True
67393358,0.21020000,100.00000000,21.02000000,1684032626536,False,True
67393359,0.21020000,98.00000000,20.59960000,1684032626536,False,True
67393360,0.21030000,121.00000000,25.44630000,1684032626536,False,True
67393361,0.21030000,475.00000000,99.89250000,1684032626536,False,True
67393362,0.21030000,135.00000000,28.39050000,1684032626536,False,True
67393363,0.21030000,503.00000000,105.78090000,1684032626540,False,True
67393364,0.21030000,195.00000000,41.00850000,1684032626540,False,True
67393365,0.21030000,476.00000000,100.10280000,1684032626545,False,True
67393366,0.21030000,860.00000000,180.85800000,1684032626551,False,True
67393367,0.21030000,476.00000000,100.10280000,1684032626551,False,True
67393368,0.21030000,353.00000000,74.23590000,1684032626555,False,True
67393369,0.21040000,80.00000000,16.83200000,1684032631379,True,True
67393370,0.21040000,41.00000000,8.62640000,1684032648237,True,True
67393371,0.21040000,237.00000000,49.86480000,1684032648237,True,True
67393372,0.21040000,638.00000000,134.23520000,1684032701287,True,True
67393373,0.21040000,121.00000000,25.45840000,1684032875706,True,True
67393374,0.21040000,120.00000000,25.24800000,1684032954477,False,True
67393375,0.21040000,500.00000000,105.20000000,1684032954477,False,True
67393376,0.21050000,100.00000000,21.05000000,1684033011256,False,True
67393377,0.21050000,153.00000000,32.20650000,1684033011256,False,True
67393378,0.21050000,104.00000000,21.89200000,1684033011256,False,True
67393379,0.21050000,870.00000000,183.13500000,1684033011256,False,True
67393380,0.21050000,130.00000000,27.36500000,1684033011256,False,True
67393381,0.21050000,91.00000000,19.15550000,1684033011256,False,True
67393382,0.21050000,500.00000000,105.25000000,1684033011256,False,True
67393383,0.21050000,48.00000000,10.10400000,1684033011256,False,True
67393384,0.21050000,50.00000000,10.52500000,1684033011256,False,True
67393385,0.21050000,50.00000000,10.52500000,1684033011256,False,True
67393386,0.21050000,4.00000000,0.84200000,1684033011256,False,True
67393387,0.21050000,96.00000000,20.20800000,1684033011257,False,True
67393388,0.21050000,100.00000000,21.05000000,1684033011257,False,True
67393389,0.21050000,100.00000000,21.05000000,1684033011257,False,True
67393390,0.21050000,100.00000000,21.05000000,1684033011257,False,True
67393391,0.21050000,84.00000000,17.68200000,1684033011257,False,True
67393392,0.21050000,16.00000000,3.36800000,1684033011259,False,True
67393393,0.21050000,100.00000000,21.05000000,1684033011259,False,True
67393394,0.21050000,100.00000000,21.05000000,1684033011259,False,True
67393395,0.21050000,100.00000000,21.05000000,1684033011259,False,True
67393396,0.21050000,97.00000000,20.41850000,1684033011259,False,True
67393397,0.21060000,71.00000000,14.95260000,1684033090933,False,True
67393398,0.21060000,121.00000000,25.48260000,1684033160226,True,True
67393399,0.21050000,120.00000000,25.26000000,1684033186756,False,True
67393400,0.21050000,121.00000000,25.47050000,1684033269604,True,True
67393401,0.21050000,121.00000000,25.47050000,1684033433700,True,True
67393402,0.21050000,475.00000000,99.98750000,1684033433700,True,True
67393403,0.21050000,54.00000000,11.36700000,1684033524076,True,True
67393404,0.21050000,66.00000000,13.89300000,1684033642488,True,True
67393405,0.21050000,48.00000000,10.10400000,1684033642488,True,True
67393406,0.21050000,475.00000000,99.98750000,1684033642488,True,True
67393407,0.21050000,553.00000000,116.40650000,1684033642488,True,True
67393408,0.21050000,3256.00000000,685.38800000,1684033642488,True,True
67393409,0.21050000,2483.00000000,522.67150000,1684033648175,True,True
67393410,0.21050000,474.00000000,99.77700000,1684033648175,True,True
67393411,0.21050000,121.00000000,25.47050000,1684033648315,False,True
67393412,0.21050000,90.00000000,18.94500000,1684033648315,False,True
67393413,0.21050000,109.00000000,22.94450000,1684033650106,False,True
67393414,0.21050000,71.00000000,14.94550000,1684033651357,False,True
67393415,0.21040000,121.00000000,25.45840000,1684033666775,True,True
67393416,0.21040000,421.00000000,88.57840000,1684033666775,True,True
67393417,0.21050000,325.00000000,68.41250000,1684033716411,False,True
67393418,0.21050000,62.00000000,13.05100000,1684033772782,True,True
67393419,0.21060000,65.00000000,13.68900000,1684033780321,False,True
67393420,0.21060000,49.00000000,10.31940000,1684033985943,False,True
67393421,0.21060000,49.00000000,10.31940000,1684033985943,False,True
67393422,0.21060000,54.00000000,11.37240000,1684033985943,False,True
67393423,0.21060000,968.00000000,203.86080000,1684033985943,False,True
67393424,0.21060000,453.00000000,95.40180000,1684033985947,False,True
67393425,0.21060000,214.00000000,45.06840000,1684033985947,False,True
67393426,0.21060000,121.00000000,25.48260000,1684033986161,False,True
67393427,0.21060000,350.00000000,73.71000000,1684034017790,True,True
67393428,0.21070000,100.00000000,21.07000000,1684034071343,False,True
67393429,0.21070000,66.00000000,13.90620000,1684034071343,False,True
67393430,0.21070000,120.00000000,25.28400000,1684034071343,False,True
67393431,0.21070000,631.00000000,132.95170000,1684034071343,False,True
67393432,0.21070000,100.00000000,21.07000000,1684034071346,False,True
67393433,0.21070000,100.00000000,21.07000000,1684034071346,False,True
67393434,0.21070000,100.00000000,21.07000000,1684034071346,False,True
67393435,0.21070000,100.00000000,21.07000000,1684034071346,False,True
67393436,0.21070000,100.00000000,21.07000000,1684034071346,False,True
67393437,0.21070000,100.00000000,21.07000000,1684034071346,False,True
67393438,0.21070000,100.00000000,21.07000000,1684034071346,False,True
67393439,0.21070000,100.00000000,21.07000000,1684034071346,False,True
67393440,0.21070000,17.00000000,3.58190000,1684034071346,False,True
67393441,0.21070000,76.00000000,16.01320000,1684034071453,False,True
67393442,0.21070000,711.00000000,149.80770000,1684034071453,False,True
67393443,0.21070000,82.00000000,17.27740000,1684034073225,True,True
67393444,0.21080000,50.00000000,10.54000000,1684034075401,False,True
67393445,0.21080000,100.00000000,21.08000000,1684034114057,False,True
67393446,0.21080000,120.00000000,25.29600000,1684034114057,False,True
67393447,0.21080000,100.00000000,21.08000000,1684034114067,False,True
67393448,0.21080000,100.00000000,21.08000000,1684034114166,False,True
67393449,0.21080000,100.00000000,21.08000000,1684034114166,False,True
67393450,0.21080000,42.00000000,8.85360000,1684034114166,False,True
67393451,0.21080000,58.00000000,12.22640000,1684034114172,False,True
67393452,0.21080000,100.00000000,21.08000000,1684034114172,False,True
67393453,0.21080000,100.00000000,21.08000000,1684034114172,False,True
67393454,0.21080000,100.00000000,21.08000000,1684034114172,False,True
67393455,0.21080000,100.00000000,21.08000000,1684034114172,False,True
67393456,0.21080000,93.00000000,19.60440000,1684034114172,False,True
67393457,0.21090000,186.00000000,39.22740000,1684034114172,False,True
67393458,0.21090000,121.00000000,25.51890000,1684034119453,True,True
67393459,0.21090000,309.00000000,65.16810000,1684034119453,True,True
67393460,0.21090000,223.00000000,47.03070000,1684034121105,True,True
67393461,0.21090000,121.00000000,25.51890000,1684034121105,True,True
67393462,0.21080000,711.00000000,149.87880000,1684034138313,True,True
67393463,0.21070000,39.00000000,8.21730000,1684034150515,True,True
67393464,0.21070000,55.00000000,11.58850000,1684034150515,True,True
67393465,0.21070000,65.00000000,13.69550000,1684034172520,True,True
67393466,0.21060000,632.00000000,133.09920000,1684034172520,True,True
67393467,0.21060000,4310.00000000,907.68600000,1684034172520,True,True
67393468,0.21060000,121.00000000,25.48260000,1684034172728,False,True
67393469,0.21070000,93.00000000,19.59510000,1684034307881,False,True
67393470,0.21060000,94.00000000,19.79640000,1684034344625,True,True
67393471,0.21070000,7.00000000,1.47490000,1684034349599,False,True
67393472,0.21070000,87.00000000,18.33090000,1684034349599,False,True
67393473,0.21060000,26.00000000,5.47560000,1684034351587,True,True
67393474,0.21060000,144.00000000,30.32640000,1684034351587,True,True
67393475,0.21060000,315.00000000,66.33900000,1684034351587,True,True
67393476,0.21070000,34.00000000,7.16380000,1684034386258,False,True
67393477,0.21070000,13.00000000,2.73910000,1684034386258,False,True
67393478,0.21070000,87.00000000,18.33090000,1684034398466,False,True
67393479,0.21070000,120.00000000,25.28400000,1684034398466,False,True
67393480,0.21070000,100.00000000,21.07000000,1684034398473,False,True
67393481,0.21070000,20.00000000,4.21400000,1684034398473,False,True
67393482,0.21070000,100.00000000,21.07000000,1684034398473,False,True
67393483,0.21070000,100.00000000,21.07000000,1684034398477,False,True
67393484,0.21070000,100.00000000,21.07000000,1684034398477,False,True
67393485,0.21070000,84.00000000,17.69880000,1684034398477,False,True
67393486,0.21070000,16.00000000,3.37120000,1684034398481,False,True
67393487,0.21070000,100.00000000,21.07000000,1684034398481,False,True
67393488,0.21070000,100.00000000,21.07000000,1684034398481,False,True
67393489,0.21070000,100.00000000,21.07000000,1684034398481,False,True
67393490,0.21070000,93.00000000,19.59510000,1684034398481,False,True
67393491,0.21080000,121.00000000,25.50680000,1684034398481,False,True
67393492,0.21080000,63.00000000,13.28040000,1684034398481,False,True
67393493,0.21090000,225.00000000,47.45250000,1684034398481,False,True
67393494,0.21090000,948.00000000,199.93320000,1684034398492,False,True
67393495,0.21090000,833.00000000,175.67970000,1684034398492,False,True
67393496,0.21090000,860.00000000,181.37400000,1684034398492,False,True
67393497,0.21090000,2267.00000000,478.11030000,1684034398492,False,True
67393498,0.21090000,1185.00000000,249.91650000,1684034398492,False,True
67393499,0.21090000,596.00000000,125.69640000,1684034398492,False,True
67393500,0.21090000,474.00000000,99.96660000,1684034398492,False,True
67393501,0.21090000,526.00000000,110.93340000,1684034398492,False,True
67393502,0.21100000,62.00000000,13.08200000,1684034398497,False,True
67393503,0.21100000,35.00000000,7.38500000,1684034398500,False,True
67393504,0.21100000,27.00000000,5.69700000,1684034398500,False,True
67393505,0.21090000,121.00000000,25.51890000,1684034398502,True,True
67393506,0.21100000,133.00000000,28.06300000,1684034398510,False,True
67393507,0.21100000,494.00000000,104.23400000,1684034398510,False,True
67393508,0.21100000,880.00000000,185.68000000,1684034399236,False,True
67393509,0.21100000,1871.00000000,394.78100000,1684034399236,False,True
67393510,0.21100000,1960.00000000,413.56000000,1684034399585,False,True
67393511,0.21090000,121.00000000,25.51890000,1684034427692,True,True
67393512,0.21090000,860.00000000,181.37400000,1684034427692,True,True
67393513,0.21080000,121.00000000,25.50680000,1684034461256,True,True
67393514,0.21080000,727.00000000,153.25160000,1684034461256,True,True
67393515,0.21080000,133.00000000,28.03640000,1684034463256,True,True
67393516,0.21080000,120.00000000,25.29600000,1684034463256,True,True
67393517,0.21080000,971.00000000,204.68680000,1684034463256,True,True
67393518,0.21080000,103.00000000,21.71240000,1684034463256,True,True
67393519,0.21090000,87.00000000,18.34830000,1684034546102,False,True
67393520,0.21090000,33.00000000,6.95970000,1684034556252,False,True
67393521,0.21090000,84.00000000,17.71560000,1684034556252,False,True
67393522,0.21080000,120.00000000,25.29600000,1684034616848,True,True
67393523,0.21080000,121.00000000,25.50680000,1684034640620,False,True
67393524,0.21090000,219.00000000,46.18710000,1684034679348,False,True
67393525,0.21090000,219.00000000,46.18710000,1684034679349,False,True
67393526,0.21090000,219.00000000,46.18710000,1684034679352,False,True
67393527,0.21090000,219.00000000,46.18710000,1684034679354,False,True
67393528,0.21090000,121.00000000,25.51890000,1684034679358,False,True
67393529,0.21090000,98.00000000,20.66820000,1684034679358,False,True
67393530,0.21090000,2.00000000,0.42180000,1684034679360,False,True
67393531,0.21090000,121.00000000,25.51890000,1684034679360,False,True
67393532,0.21090000,96.00000000,20.24640000,1684034679360,False,True
67393533,0.21090000,4.00000000,0.84360000,1684034679384,False,True
67393534,0.21090000,120.00000000,25.30800000,1684034679384,False,True
67393535,0.21090000,95.00000000,20.03550000,1684034679384,False,True
67393536,0.21090000,5.00000000,1.05450000,1684034679384,False,True
67393537,0.21090000,100.00000000,21.09000000,1684034679384,False,True
67393538,0.21090000,48.00000000,10.12320000,1684034679384,False,True
67393539,0.21090000,52.00000000,10.96680000,1684034679391,False,True
67393540,0.21090000,100.00000000,21.09000000,1684034679391,False,True
67393541,0.21090000,67.00000000,14.13030000,1684034679391,False,True
67393542,0.21080000,92.00000000,19.39360000,1684034711620,True,True
67393543,0.21090000,33.00000000,6.95970000,1684034713399,False,True
67393544,0.21090000,120.00000000,25.30800000,1684034713399,False,True
67393545,0.21090000,100.00000000,21.09000000,1684034713490,False,True
67393546,0.21090000,100.00000000,21.09000000,1684034713495,False,True
67393547,0.21090000,55.00000000,11.59950000,1684034713495,False,True
67393548,0.21090000,40.00000000,8.43600000,1684034722115,False,True
67393549,0.21100000,52.00000000,10.97200000,1684034736834,False,True
67393550,0.21100000,68.00000000,14.34800000,1684034738837,False,True
67393551,0.21100000,474.00000000,100.01400000,1684034738837,False,True
67393552,0.21100000,100.00000000,21.10000000,1684034738837,False,True
67393553,0.21100000,100.00000000,21.10000000,1684034745236,False,True
67393554,0.21100000,100.00000000,21.10000000,1684034745236,False,True
67393555,0.21100000,100.00000000,21.10000000,1684034745236,False,True
67393556,0.21100000,100.00000000,21.10000000,1684034745236,False,True
67393557,0.21100000,100.00000000,21.10000000,1684034745236,False,True
67393558,0.21100000,74.00000000,15.61400000,1684034745236,False,True
67393559,0.21100000,26.00000000,5.48600000,1684034745250,False,True
67393560,0.21100000,100.00000000,21.10000000,1684034745250,False,True
67393561,0.21100000,100.00000000,21.10000000,1684034745250,False,True
67393562,0.21100000,95.00000000,20.04500000,1684034745250,False,True
67393563,0.21110000,153.00000000,32.29830000,1684034745250,False,True
67393564,0.21110000,321.00000000,67.76310000,1684034745301,False,True
67393565,0.21110000,474.00000000,100.06140000,1684034750051,False,True
67393566,0.21110000,76.00000000,16.04360000,1684034750051,False,True
67393567,0.21110000,24.00000000,5.06640000,1684034750059,False,True
67393568,0.21110000,423.00000000,89.29530000,1684034750059,False,True
67393569,0.21110000,100.00000000,21.11000000,1684034750071,False,True
67393570,0.21110000,89.00000000,18.78790000,1684034750103,False,True
67393571,0.21110000,11.00000000,2.32210000,1684034923240,False,True
67393572,0.21110000,100.00000000,21.11000000,1684034923240,False,True
67393573,0.21110000,42.00000000,8.86620000,1684034923240,False,True
67393574,0.21110000,58.00000000,12.24380000,1684034923248,False,True
67393575,0.21110000,100.00000000,21.11000000,1684034923308,False,True
67393576,0.21110000,100.00000000,21.11000000,1684034923316,False,True
67393577,0.21110000,100.00000000,21.11000000,1684034923559,False,True
67393578,0.21110000,100.00000000,21.11000000,1684034923559,False,True
67393579,0.21110000,95.00000000,20.05450000,1684034923559,False,True
67393580,0.21130000,69.00000000,14.57970000,1684034925412,True,True
67393581,0.21130000,52.00000000,10.98760000,1684034935541,True,True
67393582,0.21130000,19.00000000,4.01470000,1684034935541,True,True
67393583,0.21130000,94.00000000,19.86220000,1684034940486,True,True
67393584,0.21130000,6.00000000,1.26780000,1684034959651,True,True
67393585,0.21130000,119.00000000,25.14470000,1684034959651,True,True
67393586,0.21120000,75.00000000,15.84000000,1684034959651,True,True
67393587,0.21130000,367.00000000,77.54710000,1684035018587,True,True
67393588,0.21120000,46.00000000,9.71520000,1684035073531,True,True
67393589,0.21110000,503.00000000,106.18330000,1684035073549,True,True
67393590,0.21110000,120.00000000,25.33200000,1684035088286,False,True
67393591,0.21120000,115.00000000,24.28800000,1684035088286,False,True
67393592,0.21120000,5.00000000,1.05600000,1684035088799,False,True
67393593,0.21120000,119.00000000,25.13280000,1684035088799,False,True
67393594,0.21120000,100.00000000,21.12000000,1684035176506,True,True
67393595,0.21130000,120.00000000,25.35600000,1684035205265,False,True
67393596,0.21130000,100.00000000,21.13000000,1684035205265,False,True
67393597,0.21130000,100.00000000,21.13000000,1684035205366,False,True
67393598,0.21130000,100.00000000,21.13000000,1684035205465,False,True
67393599,0.21130000,100.00000000,21.13000000,1684035207065,False,True
67393600,0.21130000,100.00000000,21.13000000,1684035207165,False,True
67393601,0.21130000,100.00000000,21.13000000,1684035207267,False,True
67393602,0.21130000,100.00000000,21.13000000,1684035210160,False,True
67393603,0.21130000,100.00000000,21.13000000,1684035210160,False,True
67393604,0.21130000,100.00000000,21.13000000,1684035210160,False,True
67393605,0.21130000,93.00000000,19.65090000,1684035210160,False,True
67393606,0.21140000,120.00000000,25.36800000,1684035233070,True,True
67393607,0.21130000,119.00000000,25.14470000,1684035279887,False,True
67393608,0.21140000,365.00000000,77.16100000,1684035279887,False,True
67393609,0.21140000,1000.00000000,211.40000000,1684035279887,False,True
67393610,0.21140000,860.00000000,181.80400000,1684035279887,False,True
67393611,0.21140000,3626.00000000,766.53640000,1684035279887,False,True
67393612,0.21140000,9307.00000000,1967.49980000,1684035279891,True,True
67393613,0.21140000,596.00000000,125.99440000,1684035279895,True,True
67393614,0.21140000,5394.00000000,1140.29160000,1684035279895,True,True
67393615,0.21140000,303.00000000,64.05420000,1684035279896,True,True
67393616,0.21140000,1132.00000000,239.30480000,1684035280007,True,True
67393617,0.21140000,100.00000000,21.14000000,1684035322153,False,True
67393618,0.21140000,120.00000000,25.36800000,1684035430626,True,True
67393619,0.21130000,40.00000000,8.45200000,1684035430626,True,True
67393620,0.21130000,80.00000000,16.90400000,1684035455909,True,True
67393621,0.21130000,2002.00000000,423.02260000,1684035455909,True,True
67393622,0.21130000,473.00000000,99.94490000,1684035455909,True,True
67393623,0.21130000,62.00000000,13.10060000,1684035455909,True,True
67393624,0.21140000,120.00000000,25.36800000,1684035547251,False,True
67393625,0.21140000,100.00000000,21.14000000,1684035547251,False,True
67393626,0.21140000,100.00000000,21.14000000,1684035547251,False,True
67393627,0.21140000,14.00000000,2.95960000,1684035547251,False,True
67393628,0.21140000,86.00000000,18.18040000,1684035547259,False,True
67393629,0.21140000,100.00000000,21.14000000,1684035547259,False,True
67393630,0.21140000,34.00000000,7.18760000,1684035547259,False,True
67393631,0.21140000,66.00000000,13.95240000,1684035547271,False,True
67393632,0.21140000,100.00000000,21.14000000,1684035547287,False,True
67393633,0.21140000,100.00000000,21.14000000,1684035547292,False,True
